2950 4892
605 389 804 453 aucupare.
1166 371 1251 440 1⁵2⁶

158 528 262 596 ferma
296 526 427 591 duobus
464 528 633 593 mensibus
669 534 906 594 conversatam.
951 531 1054 596 Dicat
1085 528 1141 594 hic
1171 532 1249 615 pius

155 628 268 704 filius,¹
285 628 367 712 quid
382 629 416 692 in
429 648 474 692 eo
498 638 649 712 tempora
673 632 832 713 sequius²
857 636 1029 713 agentem‘
1045 631 1098 696 vol
1112 633 1250 713 loquen-

156 737 221 794 tem
244 735 380 793 matrem
405 749 501 794 suam
520 738 655 812 propter
679 732 848 796 insaniam
863 731 992 796 viderit.
1035 731 1158 814 Neget,
1173 723 1249 798 eam

152 830 340 893 rationibus
355 832 555 907 villicorum,
569 840 602 896 et
625 832 836 914 opilionum,³
859 839 892 897 et
914 834 1137 915 equisonum*
1158 832 1250 917 [539]

155 931 370 996 solertissima
398 931 679 1015 subscripsisse:d
700 944 810 1015 neget,
833 933 965 999 fratrem
992 953 1087 998 snum
1111 932 1251 997 Pontia-

155 1049 233 1096 num
260 1032 403 1113 gravitcr
433 1034 475 1097 ab
504 1054 546 1098 aa
569 1035 739 1110 monitum,
760 1033 883 1099 nisibi
908 1035 952 1099 ab
978 1033 1109 1098 insidiis
1134 1032 1249 1098 Rufini

155 1141 308 1197 caveret:
331 1141 428 1216 neget
439 1154 516 1199 vera
532 1137 754 1219 objurgatum,
770 1137 863 1218 quod
874 1121 1001 1212 literas,
1013 1153 1099 1217 quas
1111 1134 1156 1197 ad
1171 1154 1248 1200 eum

154 1233 300 1308 miserat,
317 1234 417 1315 vulgo
430 1235 697 1312 circumtulisset,
713 1255 775 1300 nec
790 1242 898 1301 tamen
917 1235 1082 1300 bonafide
1096 1235 1248 1317 legisset:

155 1340 254 1414 negat
265 1342 342 1416 post
361 1335 439 1413 ista,
454 1355 529 1417 quae
552 1335 635 1411 dixi,
651 1340 788 1400 matrem
812 1355 908 1400 suam
933 1336 1014 1399 mihi
1029 1335 1117 1417 apud
1134 1336 1247 1400 villam

149 1434 349 1517 jampridem
365 1436 530 1505 condicto,
542 1436 620 1499 loco
636 1439 803 1519 nupsisse.
848 1435 986 1520 Quippe
1001 1439 1051 1501 ita
1065 1436 1248 1519 placuerat,

154 1535 189 1597 in
204 1536 395 1600 suburbana
406 1535 488 1601 villa
499 1537 611 1621 potios
627 1544 663 1600 ut
678 1537 960 1620 conjungeremur,
971 1556 1014 1601 nc
1028 1538 1121 1601 cives
1136 1536 1247 1602 denno

154 1634 200 1699 ad
223 1636 390 1719 sportulas
416 1637 673 1702 convolarent:⁸
696 1657 772 1702 cum
792 1636 881 1701 haud
906 1638 1034 1719 pridem
1055 1637 1249 1702 Pudentilla

154 1734 273 1826 desua
288 1737 526 1819 quinquaginta
541 1736 647 1801 millia
661 1755 831 1800 nummum
845 1737 878 1800 in
889 1737 1049 1820 populum
1067 1736 1248 1819 expunxis-

154 1909 208 1946 σιω
217 1899 259 1946 eis.
295 1898 342 1947 ilie
351 1897 437 1961 petias
455 1903 525 1948 satus
542 1900 663 1962 taquam
708 1898 713 1910 ’
741 1898 829 1947 uiderit
842 1904 964 1961 parentes:
983 1912 1050 1947 mest
1070 1896 1174 1946 ditem
1183 1894 1248 1953 snti-

152 1967 231 2010 eetesr
246 1968 288 2010 eat
298 1962 413 2010 dicentem
423 1975 466 2024 per
474 1963 534 2011 iliad
545 1967 643 2025 tenpus,
699 1963 848 2012 mmtiem.
882 1962 957 2011 Dicet
967 1975 1017 2010 erra
1028 1975 1075 2009 nen
1084 1960 1247 2022 uixripnm

150 2026 407 2088 prudentissineectis
417 2027 559 2085 misnense,
577 2031 601 2074 et
615 2029 747 2087 petimen,
765 2029 790 2073 et
807 2026 969 2088 eqrteriornm:
984 2025 1050 2074 dicet
1063 2023 1169 2084 fratrem
1179 2036 1248 2070 marr

154 2088 302 2137 Pontianus:
311 2089 438 2149 eonfmsse
448 2090 510 2138 teria
518 2088 722 2147 mansuefactum
731 2088 762 2137 ei
772 2089 834 2151 ipsu,
845 2095 871 2137 rit
880 2091 1016 2152 procideret
1026 2088 1072 2136 eiiii
1081 2104 1095 2136 a
1105 2087 1165 2136 dolls
1177 2084 1247 2148 argt-

150 2151 197 2198 rri:
213 2151 276 2200 dieo
287 2168 338 2202 ears
349 2168 394 2200 m
398 2153 477 2211 sciere
484 2167 566 2202 revere
577 2152 724 2213 increpitare,
735 2154 797 2216 qaod
805 2154 985 2202 rimantelieeet
994 2166 1036 2214 per
1044 2153 1152 2214 melam
1161 2150 1248 2211 episto·

152 2215 211 2274 lere,
221 2230 290 2277 qeers
306 2217 348 2264 iiia
363 2217 459 2264 raderet
475 2219 506 2265 ed
517 2231 579 2276 aar,
594 2230 667 2278 seqre
678 2218 734 2264 edes
745 2216 840 2276 agisse:
854 2230 905 2265 eura
914 2217 1037 2281 fideliter:
1053 2217 1248 2276 etarprrestere

151 2292 220 2326 erem
229 2293 275 2326 ees
285 2280 456 2339 irritiieactem
462 2280 541 2339 fuine
548 2279 842 2339 matrimoniojerrrdadrrm
852 2280 878 2327 ia
890 2281 947 2330 oilla
957 2280 998 2327 alii
1011 2279 1074 2329 ister
1083 2292 1125 2326 ses
1135 2290 1248 2326 mesere-

151 2348 202 2402 rat,
212 2347 264 2404 post
275 2344 324 2392 iroee
333 2358 385 2405 qeoe
392 2344 529 2392 mmereai.
550 2342 646 2391 Scilicet
658 2344 692 2391 sic
702 2343 949 2406 memmenni,
959 2341 1160 2403 iaeecoeiegien
1167 2340 1248 2403 podes

151 2405 180 2453 ire
189 2405 427 2466 pretiossimam,
438 2421 467 2454 se
480 2407 565 2455 ariani
575 2407 662 2455 iterum
671 2411 822 2454 occanereut
833 2410 864 2453 nd
872 2407 1026 2466 largitiones:
1042 2420 1094 2453 cam
1110 2403 1248 2453 Pudentilla

152 2483 200 2517 nos
210 2471 296 2518 dedum
303 2472 447 2519 nicanori
454 2472 484 2518 de
493 2484 536 2518 reo
545 2471 644 2532 paenis
654 2471 827 2532 quinquaginta
835 2469 910 2518 millia
920 2484 1065 2517 nummorum
1075 2468 1102 2514 ia
1109 2467 1199 2530 putere
1207 2465 1247 2515 illu

624 2595 667 2616 000
670 2595 789 2616 00000000

149 2681 202 2725 -s
217 2677 278 2726 vid.
289 2677 354 2727 Not.
365 2679 474 2727 Van-l
488 2678 586 2729 D'Orv.
597 2679 634 2728 iris
645 2694 669 2742 p.
675 2679 699 2739 s.
711 2680 783 2728 Ptin.
791 2677 864 2727 addit
877 2676 992 2727 Pudentis
1004 2689 1106 2725 nomen.
1116 2675 1143 2723 J.
1153 2674 1246 2723 Bos.-

150 2740 222 2790 snt.
233 2742 316 2796 serien
327 2750 354 2790 et
364 2747 488 2791 κιαι-8
497 2743 568 2792 Flos.
576 2743 710 2792 muiracum
721 2748 745 2791 et
756 2742 899 2805 epitoma.-
918 2748 998 2790 recte.
1011 2737 1118 2788 itineri.
1136 2738 1246 2787 Causam

152 2818 205 2852 non
226 2806 315 2854 video:
334 2806 397 2854 licet
417 2807 442 2854 in
456 2806 521 2855 Edd.
540 2808 654 2855 vetanti
674 2805 930 2871 qnoqueeilticossre.
962 2802 1014 2852 Sed
1025 2802 1146 2864 ritliei,ni
1164 2800 1249 2862 fallor,

150 2868 249 2929 ubique
260 2868 391 2928 dicuntur,
403 2883 455 2916 non
467 2871 592 2918 oillicoses.
607 2871 632 2921 i.
647 2871 756 2918 Bos-t
768 2869 811 2918 ΑΙ.
828 2868 990 2931 Equitioarrar.
1000 2867 1034 2916 V.
1043 2865 1102 2914 lnd.
1130 2865 1183 2913 Pro
1193 2864 1247 2912 rab-

151 2932 273 2994 etripsisse
284 2932 353 2981 Pitlt.
364 2933 465 2981 scribtia
484 2933 524 2982 ld.
534 2942 592 2996 post
605 2940 675 2994 neget
685 2932 758 2982 addit
768 2948 802 2987 ee,
811 2939 847 2994 et,
857 2946 904 2994 pro
911 2931 1034 2986 monitae,
1041 2929 1156 2978 munitam
1166 2928 1246 2991 legit:

641 3043 746 3095 NO'l'AE

185 3149 196 3174 ⁶
212 3140 312 3203 Seqaias
327 3138 414 3203 [uera]
430 3139 550 3203 egeatem]
571 3140 679 3202 Supple,
719 3152 820 3187 menen
832 3143 907 3201 parte
918 3134 1058 3183 habeantur
1069 3140 1135 3181 rats.

150 3231 228 3282 quam
239 3230 326 3265 sanan:
343 3216 455 3275 deceat:
476 3225 521 3266 sut
537 3216 633 3281 aliquid
646 3216 680 3265 si·
751 3219 763 3246 ⁸
780 3212 890 3261 Necieee
905 3213 979 3260 amo
991 3211 1025 3258 ed
1040 3208 1158 3271 eportaim
1165 3218 1248 3257 meo·

150 3293 223 3340 mile.
718 3286 808 3349 latmi]
818 3286 850 3335 In
860 3285 967 3349 nuptiis,
983 3292 1013 3332 ut
1029 3289 1056 3332 st
1069 3284 1095 3333 iu
1107 3282 1174 3332 virili
1186 3291 1247 3345 toga

185 3367 358 3417 ‘Rutmsiias
373 3367 514 3426 villicorum,
523 3365 679 3426 irceotertis·
720 3363 854 3424 sumenda,
890 3358 1087 3424 Magistratibus
1119 3358 1247 3417 ineundis,

150 3446 220 3493 sisse>
232 3443 407 3506 amparet]
431 3441 527 3491 Tribus
546 3441 627 3489 nrodis
649 3440 680 3489 tit
720 3443 771 3489 arc.
781 3438 1011 3501 largitioner,qure
1023 3433 1145 3497 sportulae
1157 3433 1246 3481 dicun·

151 3518 282 3568 retianum
300 3516 468 3580 approbatio:
487 3530 533 3578 per
550 3515 680 3579 subscrip·
722 3524 773 3575 tur,
794 3515 820 3563 in
844 3512 945 3576 plebem
966 3509 1022 3559 lieri
1045 3508 1132 3559 solitas
1154 3509 1247 3569 probet

150 3596 260 3652 tionem,
282 3605 339 3642 cnm
362 3598 417 3639 rste
433 3590 561 3639 habentur
586 3591 680 3651 omnis,
720 3593 762 3640 vel
775 3590 816 3639 iric
825 3591 899 3639 locos
916 3586 1007 3642 Plinii,
1018 3585 1060 3632 lib.
1073 3595 1101 3631 x.
1117 3582 1246 3645 Epistola·

151 3683 212 3736 quer
224 3669 251 3722 in
261 3681 307 3716 ess
318 3667 401 3715 relate
410 3674 486 3715 sunt:
506 3679 552 3728 per
566 3679 679 3728 expuna-
720 3682 787 3727 ruur,
799 3665 882 3729 Epist.
896 3667 952 3714 11⁷.
962 3662 994 3710 ed
1006 3659 1158 3723 Traianum:
1175 3659 1246 3711 ‘Qui

151 3747 260 3804 tionem,
270 3758 327 3806 quse
336 3749 377 3791 est
387 3741 497 3805 simplex
513 3741 679 3803 cancellatio,
721 3743 819 3791 virilem
839 3746 924 3802 togam
946 3742 1058 3796 sumunt,
1078 3736 1119 3785 rel
1143 3737 1246 3798 nuptias

151 3833 212 3871 cum
222 3819 322 3870 scilicet
332 3832 374 3879 es,
384 3825 429 3865 aut
438 3831 469 3865 ex
482 3816 513 3866 ils
524 3817 619 3880 aliqua,
627 3830 679 3865 om·
719 3813 828 3875 tectum,
838 3813 878 3862 sel
894 3812 985 3861 ineunt
999 3809 1190 3872 magistratum,
1204 3810 1247 3860 vel

148 3896 178 3946 ni
190 3910 223 3945 ex
234 3891 510 3957 parteinrprcbentnr:
523 3898 551 3941 et
567 3905 615 3954 per
628 3892 679 3940 elis-
719 3904 785 3953 opus
803 3888 934 3952 publicum
952 3884 1083 3947 dedicent,
1102 3886 1187 3935 solent
1206 3892 1246 3934 to·

148 3970 329 4036 punctionem,
340 3981 396 4031 qne
407 3966 561 4017 cancellario
571 3972 679 4016 astcurn
721 3972 773 4015 tam
785 3963 885 4023 βουλὴν,
901 3971 979 4027 etqua
990 3962 1067 4011 etiam
1079 3976 1094 4009 e
1107 3961 1246 4024 platanon

151 4042 331 4105 annotatione,
339 4040 441 4105 quando
452 4041 570 4089 nlmlrunr
584 4056 642 4105 qoae
652 4041 679 4091 in
720 4042 841 4105 exiguum
853 4051 987 4089 numerum
1007 4050 1110 4098 vocare,
1123 4035 1247 4102 binosqns

147 4122 266 4171 rationes
286 4119 371 4167 relata
388 4125 456 4176 suut,
470 4123 521 4166 ,aut
541 4116 629 4180 alique
645 4131 679 4165 ex
717 4112 1023 4180 denarios,selsingulns
1034 4111 1112 4175 ἅπαξ
1124 4113 1176 4164 διο.

146 4196 210 4260 iltis,
226 4196 265 4245 its
282 4190 470 4256 improbantur,
485 4197 516 4240 ut
534 4191 622 4255 aliqua
637 4197 676 4240 ts·
