2950 4892
575 406 778 455 uronocru.
1135 390 1221 453 1895

128 551 270 636 plerique
280 551 467 617 Zoroastri⁵
476 549 701 627 sectatorem,¹¹
714 551 930 633 similiterque
943 548 1067 632 Megiae
1079 551 1221 633 peritum

130 655 282 733 arbitrati,
296 675 371 719 eum
386 653 567 720 momoriu⁶
583 654 809 737 prodiderunt,
832 672 908 714 cum
930 652 1221 716 animadvertisset

130 757 298 839 proxime⁷
314 753 574 841 Metapontum,i
588 756 621 819 in
635 757 749 819 littore
765 754 875 818 Italiae
891 774 975 831 suae,
993 774 1094 839 quem
1110 756 1221 820 subsi-

129 856 254 923 oiviunk
270 856 456 925 Graeoiam¹
470 859 606 934 fecerat,
623 878 644 923 a
667 857 870 942 quibusdum
886 858 1109 941 piscatoribus
1125 878 1219 922 ever·

128 959 284 1026 siculum⁸
312 961 408 1037 trahi,
434 962 604 1026 fortunam
624 961 740 1045 jactus
763 961 837 1045 ejus
862 960 1033 1024 emisse:¹²‘
1055 966 1088 1024 et
1112 962 1219 1043 pretio

129 1063 217 1141 dato,
229 1064 375 1147 jussisse
391 1064 486 1129 illico
501 1063 637 1148 pisces¹¹
653 1083 724 1140 eos,
737 1063 797 1145 qui
808 1063 902 1145 capti
914 1063 1120 1137 tenebantur,
1132 1062 1220 1125 solvi

127 1167 259 1243 retibus,
275 1173 310 1229 et
323 1165 418 1230 reddi
439 1166 617 1250 profundo.
662 1164 760 1244 Quos
774 1165 903 1229 scilicet
918 1183 995 1227 eum
1010 1163 1052 1227 de
1068 1164 1221 1229 manibus

128 1268 328 1332 amissurum
349 1288 417 1331 uon
440 1268 575 1346 luisses
597 1268 628 1332 si
653 1268 753 1353 quid¹
776 1268 812 1332 in
833 1267 888 1329 his
913 1266 995 1329 utile
1010 1266 1052 1330 nd
1069 1266 1222 1347 Magiam

128 1371 357 1454 comperisset.
403 1370 470 1434 Sed
500 1372 587 1435 enim
611 1371 662 1434 vir
690 1369 818 1452 egregie
848 1368 984 1445 doctus,
1014 1374 1047 1432 et
1073 1375 1223 1435 veterum

125 1542 208 1578 menn.
241 1529 354 1595 Pleu-ipsse
361 1536 505 1597 potumi
515 1531 879 1596 Pyttugnrnmseoutumsoisre
889 1531 1024 1580 doctrinm
1040 1528 1189 1585 zoroastris,
1201 1531 1225 1576 et

119 1591 296 1656 sttt‘trrqttopue
310 1611 414 1658 guarneri
429 1597 535 1659 Magio&
553 1596 629 1654 artis:
646 1601 669 1645 et
685 1598 799 1658 scriptum
813 1596 968 1658 reliquerunt,
984 1611 1047 1655 unt,
1065 1610 1117 1644 corn
1128 1593 1227 1643 uidisset

123 1658 236 1718 midan
244 1661 373 1720 piscatores
384 1663 505 1711 nolenter
513 1676 626 1723 sagenam
643 1675 715 1724 prope
727 1660 891 1722 Metapontum
902 1662 929 1709 in
938 1676 980 1710 era
997 1660 1087 1719 ltotie,
1102 1674 1172 1722 qaam
1182 1656 1229 1706 sihi

120 1722 265 1771 reddiderat
274 1727 374 1774 niterent
386 1726 515 1787 Gratiam,
525 1726 608 1775 emisse
618 1728 705 1772 sorim
720 1724 786 1772 illias
798 1724 896 1784 jactes:
913 1731 948 1786 et,
957 1727 1073 1787 pessumo
1083 1725 1170 1787 pretio,
1180 1724 1227 1770 irn-

122 1797 218 1847 Μαι
226 1790 309 1838 rtatim
319 1795 347 1839 nt
356 1790 395 1839 illi
404 1791 490 1854 ρίισα,
500 1791 542 1854 psi
552 1789 693 1839 tenebantur
703 1789 777 1850 cepti,
786 1790 927 1837 immutor
937 1804 968 1837 ex
977 1790 1076 1859 retibus,
1087 1795 1111 1837 et
1121 1788 1226 1837 remitte-

122 1855 209 1899 rentur
219 1852 246 1899 in
255 1869 334 1903 mure:
351 1870 408 1918 quos
417 1870 499 1919 nempe
509 1869 556 1903 non
565 1852 694 1903 onidmile
709 1857 743 1902 est
760 1867 812 1901 rum
822 1853 975 1902 dimisserunt
986 1853 1066 1913 foisse
1075 1868 1107 1903 ex
1116 1853 1167 1901 suis
1176 1865 1227 1900 nto·

122 1913 205 1979 nidus,
214 1916 236 1964 si
245 1919 389 1981 cognovisset
398 1920 490 1983 dipttid
500 1934 550 1969 esre
560 1917 586 1968 itt
596 1918 646 1967 illis
656 1916 799 1966 conducibile
809 1919 841 1966 ad
852 1917 975 1978 Mngirorn
983 1923 1067 1968 ortem
1096 1919 1179 1966 Verum
1189 1917 1227 1964 nir

122 2154 206 2206 Quod
224 2155 328 2206 admisit
346 2158 443 2207 Florid.
465 2172 522 2209 cunr
543 2159 661 2208 Elmenh.
681 2164 774 2207 contra
794 2157 906 2220 reliquos
918 2158 981 2207 hist.
993 2166 1020 2207 et
1031 2157 1097 2209 Edd.
1110 2175 1124 2208 e
1137 2160 1230 2224 quihus

122 2219 185 2269 vic.
198 2219 333 2271 mertre.
345 2236 370 2270 ν.
380 2237 468 2287 supra.
483 2224 510 2271 J.
521 2223 631 2274 Bon-6
642 2223 760 2272 venetiis
772 2237 869 2278 cusum,
881 2227 960 2271 tomen
972 2224 1099 2273 numerio.
1115 2223 1231 2275 curtus.

120 2284 288 2334 montom
299 2287 422 2335 Μυονία.
441 2287 556 2336 Elmenh.
589 2287 982 2351 Pith.1)'0rv.quoquetamen.
1017 2288 1231 2349 Frequenrishu·

122 2349 166 2397 ’us
178 2351 382 2401 constructionis
393 2356 401 2380 ⁸
411 2351 586 2414 Pythagoram
596 2384 603 2399 .
612 2387 618 2401 .
628 2386 635 2401 .
644 2351 720 2413 eum,’
729 2354 779 2399 &e
793 2351 852 2399 vide
861 2353 979 2412 exempla
990 2352 1057 2414 apud
1065 2352 1187 2402 Oudend.
1197 2352 1229 2401 ad

142 2415 197 2462 ior.
211 2414 246 2463 N.
257 2419 282 2464 t.
295 2429 321 2478 p·
332 2420 372 2464 2³.
381 2431 405 2464 n·
428 2416 495 2465 Dein
505 2416 616 2464 menotio
628 2416 753 2464 exhibent
766 2415 832 2464 Edd.
843 2416 918 2465 Juru.
930 2416 989 2465 lild.
1002 2417 1062 2465 Bas.
1076 2417 1232 2467 Colv.Vule.

117 2478 196 2527 Elin.
207 2479 292 2528 Setis.
306 2480 363 2542 Bip.
375 2479 443 2543 quod
455 2495 559 2544 sequor,
571 2481 729 2530 auctoritate
750 2481 812 2528 tiss.
829 2480 945 2529 Florent.
968 2488 996 2529 et
1011 2481 1048 2528 sic
1064 2482 1129 2530 citat
1148 2481 1231 2530 locum

119 2541 254 2592 Oudend.
274 2542 306 2592 ad
323 2544 391 2595 cns.
408 2543 441 2594 de
459 2545 490 2594 B.
506 2545 540 2595 G.
558 2558 586 2595 v,
606 2550 645 2594 te.
664 2544 806 2593 ‘memoria
824 2544 956 2606 proditum
974 2545 1091 2593 dicunt:’
1109 2546 1152 2594 nbi
1165 2547 1232 2596 vide.

115 2605 148 2655 J.
161 2607 278 2657 Bos—r
294 2608 395 2658 D'Orv·
414 2610 523 2658 momine.
546 2608 636 2658 td-u
652 2609 703 2658 Me.
723 2607 828 2658 D'Orv.
847 2609 984 2657 reticulam:
1009 2625 1023 2656 e
1041 2610 1134 2671 glossa.
1160 2611 1233 2658 ld.-

116 2674 136 2719 ⁹
154 2671 291 2732 Scribam,
304 2674 369 2729 Quos
378 2674 440 2722 seire
450 2673 505 2722 ticet
515 2689 568 2722 euru
578 2676 607 2722 de
626 2674 732 2723 munibus
750 2673 875 2721 missurum
891 2689 938 2721 non
946 2672 1032 2732 subse.
1058 2674 1232 2724 Casnuhouus.

116 2733 217 2800 Vulgo
228 2751 284 2800 quos
294 2738 429 2788 inretiat.
457 2737 717 2787 Elmenirorstius.-l
736 2737 787 2786 Ms.
800 2736 899 2786 D'Ort.
919 2737 940 2786 si
956 2738 1056 2800 quidem,
1074 2739 1167 2788 deletis
1182 2740 1234 2788 τοῖς

628 2865 736 2920 NOTAE

114 2963 236 3013 latemus
258 2962 391 3028 adjuvare,
414 2964 497 3016 dicam
520 2965 589 3016 unde
614 2980 664 3030 ego
706 2965 814 3015 undeet
827 2963 1234 3027 ltslicsdictaestejusphiloso-

113 3038 263 3104 conjicio.¹
705 3041 776 3103 pbia,
792 3049 850 3090 eum
867 3039 982 3088 Thaletis
994 3039 1084 3089 lonico
1095 3041 1235 3104 diceretur,

150 3114 318 3166 hZoroastri
329 3118 479 3183 secutorem]
505 3118 662 3185 Seusu,quo
705 3125 733 3166 ut
745 3118 824 3166 habet
836 3118 903 3166 idem
915 3116 1036 3167 Laertius
1047 3118 1072 3166 in
1085 3119 1222 3168 Prooeurio.

111 3192 263 3259 exposui3
286 3208 370 3259 neque
393 3196 461 3245 euim
484 3196 539 3260 ejus
561 3196 665 3247 auditor
738 3192 1235 3256 ¹Groeeionr]‘Grecisexotics’Plau

110 3269 665 3337 essepotuitutpotemultissaeeulisipso
706 3278 734 3319 to
754 3271 780 3320 in
800 3270 979 3321 Menaechmis.
1012 3270 1093 3320 ltalioe
1112 3272 1156 3320 illa
1175 3287 1235 3337 port

101 3347 228 3413 junior.
706 3349 778 3401 dicta
800 3351 878 3412 vulgo
898 3358 939 3400 est
967 3350 1084 3413 ‘Magna
1106 3352 1209 3401 Grecis
1219 3352 1236 3412 ς’

145 3424 156 3459 ί
177 3422 306 3472 Prasino
329 3421 504 3486 Metapontum]
530 3423 665 3487 Oppidum
705 3425 893 3489 complectitur
908 3425 1064 3483 Calabriam,
1075 3434 1103 3477 et
1115 3428 1171 3477 ilias
1183 3443 1235 3490 pn·

108 3506 160 3550 est
172 3498 270 3548 Italia
283 3498 308 3546 iu
320 3498 383 3547 Sinu
394 3497 550 3554 Terentino,
559 3515 574 3548 a
583 3499 665 3563 Pyliis
706 3517 738 3553 ne
747 3518 834 3551 ornnes
844 3504 1158 3568 regiones,quasreguum
1165 3505 1237 3555 Nes·

104 3575 280 3634 conditum,
290 3574 332 3636 qui
350 3573 421 3635 illuc,
438 3573 551 3623 Nestore
563 3574 665 3635 duce,n
706 3578 847 3641 politanum
860 3578 936 3628 hodie
948 3579 1064 3629 dicimus.

103 3650 212 3714 'l'roja
222 3648 419 3711 navigaverunt.
433 3648 597 3699 binarii-uon
604 3651 665 3700 Pto·
737 3660 756 3685 Ι·
775 3653 1158 3719 Fortunnminotnsejusentisse]
1176 3657 1235 3707 Hoc

103 3728 237 3777 lemano.
706 3738 764 3781 est:
792 3731 974 3795 Quoscumque
1004 3732 1088 3795 piacet
1107 3735 1152 3784 illo
1174 3735 1237 3785 retis

144 3804 162 3838 1
187 3803 279 3858 annr
296 3801 447 3866 sahnoioom,
463 3805 516 3868 tre]
541 3805 617 3868 Quis,
637 3813 667 3856 nt
704 3805 932 3870 jnetueepisseut.

102 3877 218 3930 refert
241 3875 361 3926 Loerrtus
378 3879 404 3927 in
425 3880 481 3943 ejus
494 3879 567 3943 Vita,
578 3895 612 3929 en
623 3881 666 3931 ΑΕ-
739 3882 1036 3945 ”dussisseiliicopiooen
1051 3885 1106 3948 tre]
1131 3884 1237 3936 Pietate

98 3964 217 4021 gypto
235 3952 349 4017 rediens,
360 3967 419 4005 cum
437 3956 539 4004 simum
556 3956 666 4019 petriam
707 3958 733 4007 iu
745 3957 803 4008 illos
814 3959 907 4021 pisces,
919 3973 1026 4023 quotes
1037 3960 1238 4022 perremissos

98 4046 198 4083 mam
237 4042 253 4076 n
278 4029 421 4093 Polycrate
451 4037 562 4095 tyranno
592 4046 668 4082 occu·
709 4049 762 4083 suae
773 4032 894 4083 doctrina
906 4036 1022 4085 humanis
1039 4043 1237 4104 nostrorumque

95 4114 222 4176 putam
245 4100 406 4167 offendisset,
422 4105 561 4156 Crotonem
584 4107 668 4158 lutto
708 4110 834 4159 similibus
846 4111 935 4160 animis
945 4111 1097 4163 informatos
1105 4114 1239 4164 credebat.

93 4187 225 4238 urbem
249 4180 338 4245 petiit,
356 4181 427 4247 leges
440 4182 514 4232 Italis
527 4183 610 4246 dedit,
622 4185 670 4234 ibi·
711 4188 852 4236 ilistoriam
862 4187 929 4237 haue
939 4187 1020 4238 fusius
1034 4197 1123 4240 narrat
1137 4191 1238 4240 Plurnr·

92 4277 167 4329 que
191 4257 386 4322 utplurimum
403 4260 595 4325 philosophatus
610 4269 668 4312 est:
710 4262 908 4327 ctursmympos.
922 4264 1145 4316 libius-Quem.
1159 4273 1181 4316 8.
