2950 4892
351 420 425 469 nro.
448 420 473 469 r.
496 419 582 469 srvn
607 420 655 466 nn
681 416 827 476 rnrrros.
851 420 992 469 aurun.
1131 404 1216 470 1053

123 562 224 644 tiguru
234 582 242 627 :
252 569 272 596 '
286 582 365 646 quae
380 582 457 626 cnm
470 563 515 626 ait
528 562 720 638 immobilia,
735 561 825 640 [677]
839 570 938 626 terrae
948 562 1169 626 constantiam
1179 562 1216 601 ⁸¹

123 683 188 727 aon
213 666 357 728 absurdo
380 663 496 728 sortita
518 669 581 728 eat.
626 663 671 727 Et
700 664 769 727 alia
790 663 887 728 initia
911 664 1050 728 inveniri
1073 663 1215 728 forsitan

122 785 231 847 possa,
247 786 325 849 qnae
339 775 418 830 aut⁹
433 766 507 828 Dco
522 772 605 829 nota
615 771 714 842 aunt,¹
731 764 783 829 vcl
797 768 841 841 ei,
855 766 913 848 qui
928 766 974 828 sit
988 765 1065 829 Diis
1080 766 1217 830 amicus.

122 864 190 929 Sed
206 868 258 931 -de
285 868 426 950 primis⁸
453 867 630 931 clementis
651 867 739 948 igni³
769 872 802 929 at
828 886 930 949 aqua,
955 867 1156 949 ceterisque,
1182 876 1215 934 et

122 967 228 1032 illati
251 976 406 1032 constare
435 966 660 1051 particulatim
686 967 878 1031 animalium
905 975 938 1031 ct
962 969 1215 1035 inanimantium

121 1066 275 1153 corpora.
295 1068 532 1153 »Mundnmque
546 1088 677 1133 omnem
692 1088 737 1132 cx
752 1069 842 1133 omni
857 1087 957 1152 aqua,
973 1075 1110 1153 totoque
1120 1072 1215 1151 igui‚⁵

120 1176 150 1234 ct
165 1171 254 1235 adria
270 1170 497 1255 universitate,
512 1177 702 1255 cunctaque
718 1179 807 1234 tarra
829 1190 903 1235 esse
927 1171 1074 1237 sactum:
1096 1179 1128 1235 et
1150 1191 1214 1236 non

120 1274 227 1337 solum
243 1272 368 1337 nullum
381 1271 498 1335 horum
512 1278 642 1354 partam
657 1280 755 1336 extra
770 1272 883 1336 orbam
898 1273 1048 1355 relinqui,
1064 1273 1124 1336 sed
1148 1275 1214 1337 vim

120 1372 256 1456 quidem
277 1372 373 1456 ejus·
394 1371 628 1438 extrinsocns⁶
651 1374 797 1455 inveniri.
842 1372 930 1438 Haec
945 1379 1056 1439 antem
1071 1375 1213 1440 invicem

119 1534 254 1594 imitabilia,
270 1551 316 1585 aaa
327 1536 454 1597 incoagrue
464 1538 581 1588 attributa
592 1545 628 1587 ert
638 1539 754 1603 firmitati
767 1539 875 1589 Telluris.
909 1539 978 1588 Dicit
994 1553 1061 1601 parre
1079 1541 1150 1589 etiam
1160 1542 1215 1598 sor·

121 1603 179 1646 turre
189 1599 293 1662 reperiri
302 1600 351 1649 utin
378 1601 487 1665 riucipiu,
499 1617 551 1665 qua
561 1605 656 1663 comita
667 1604 768 1652 micet
779 1604 839 1661 Deo,
850 1604 888 1652 orl
899 1605 970 1652 etiam
985 1604 1032 1663 illi,
1046 1603 1087 1667 qui
1102 1604 1136 1651 ait
1147 1620 1215 1653 corea

120 1662 183 1711 nto.
224 1663 312 1712 Verum
322 1669 345 1714 et
393 1681 406 1713 c
425 1680 477 1728 φιτ
493 1666 609 1715 cemimus
622 1682 717 1730 corpora
734 1667 880 1729 minantium,
890 1673 914 1715 et
929 1683 1006 1716 rerum
1023 1668 1213 1728 inanimatorum,

121 1728 248 1789 composita
258 1742 308 1777 erae
319 1742 349 1777 rx
364 1730 448 1792 primia
459 1731 588 1789 sumentia,
604 1730 667 1791 igrre
683 1737 707 1780 et
719 1731 797 1794 Aqua,
816 1738 840 1779 et
857 1732 956 1794 reliquii
971 1732 1106 1779 minutatim
1116 1730 1180 1781 iuter
1189 1747 1215 1781 ae

121 1789 220 1839 martia:
237 1798 262 1839 et
272 1796 349 1840 totum
359 1792 436 1841 orbam
451 1795 577 1857 conflatum
588 1808 638 1845 erte
648 1810 680 1843 ear
696 1798 746 1843 tota
758 1797 835 1857 Aqua,
845 1800 894 1844 toto
905 1797 975 1857 Igne,
985 1801 1033 1843 toto
1043 1795 1115 1856 Aine,
1125 1811 1152 1843 ac
1164 1802 1215 1845 toto

123 1853 209 1928 Terra:
225 1869 255 1902 ac
266 1869 312 1904 aaa
322 1859 390 1904 modo
400 1857 461 1905 aiiii
470 1872 550 1906 rorum
560 1872 678 1920 rupereare
692 1863 763 1906 entra
779 1861 899 1922 ruendum,
910 1862 951 1907 red
961 1874 991 1908 ne
1000 1860 1112 1908 cuiatem
1122 1859 1214 1934 quidem

120 1919 193 1980 apiae
203 1919 307 1983 reperiri
315 1925 386 1970 extro
397 1921 481 1985 iprum.
514 1922 552 1972 Ea
562 1936 616 1971 uero
627 1926 697 1972 extra
712 1936 739 1971 re
756 1928 779 1972 ei
792 1922 893 1973 intrare
905 1928 1014 1986 coaptato
1024 1937 1072 1972 erre
1082 1923 1180 1972 irarcerr
1189 1929 1212 1972 et

572 2066 753 2090 ”neuneu

122 2164 221 2214 Partim
241 2180 406 2229 squamata
423 2169 527 2218 volvere
542 2168 638 2219 dicitur
648 2168 752 2219 fluvius.
783 2168 852 2218 Vide
865 2168 942 2217 Melie
953 2172 981 2217 et
992 2167 1079 2216 Ovidii
1090 2165 1173 2217 lodic.
1182 2173 1214 2216 'et

121 2227 176 2278 Lir.
194 2230 212 2279 l.
235 2243 297 2281 xxa.
315 2246 339 2281 c.
358 2237 399 2283 at.
417 2235 480 2282 Ord.
513 2234 596 2297 Aqua.
612 2234 656 2284 Sic
668 2234 731 2283 Mae.
764 2233 795 2282 ln
809 2233 877 2282 Edd-
889 2241 949 2282 ante
963 2231 1079 2281 Elmenb.
1097 2237 1121 2280 et
1137 2246 1213 2294 aquo.

121 2292 307 2344 PrasitHarl.
350 2297 463 2347 ‚lu-e
480 2285 564 2347 berra
578 2297 743 2348 mbatmtiam
776 2296 983 2346 Eddvuicaulo
1001 2297 1114 2359 priorum
1132 2297 1215 2358 scrip.

121 2363 205 2404 turam
217 2372 276 2407 cum
289 2359 393 2410 Forido
403 2362 533 2422 revocavi,
542 2361 697 2412 auctoritate
709 2360 791 2409 Codd.
809 2360 925 2410 Floreat.
943 2361 1017 2408 Voss.
1029 2359 1104 2408 Harl.
1115 2359 1214 2409 maan.

120 2420 182 2482 rire,
196 2420 346 2472 firmitatem
366 2432 394 2474 et
411 2425 626 2475 immobilitatem.
666 2424 733 2473 Vide
751 2425 840 2474 Barm.
852 2424 885 2473 ad
896 2423 988 2472 Vellei.
1002 2424 1106 2473 Patere.
1118 2423 1135 2471 1.
1148 2436 1179 2472 rr.
1190 2438 1215 2473 c.

119 2487 161 2532 89.
179 2485 187 2513 ‘
197 2488 346 2537 constantia
354 2486 463 2537 forma!
489 2490 567 2539 Vulc.
577 2503 592 2538 e
603 2502 649 2537 suo
661 2488 761 2546 codice,
771 2488 813 2537 cni
822 2488 922 2537 accedit
932 2486 1033 2537 Bened.
1044 2487 1213 2535 minutiam

119 2548 158 2596 ric
176 2550 324 2598 ‘bominum
343 2551 501 2601 snbstantia'
512 2567 559 2617 pro
576 2560 678 2611 natura,
691 2551 723 2601 de
743 2551 810 2601 Phil.
825 2553 892 2601 Mor.
912 2567 939 2615 p.
955 2554 1012 2602 818.
1031 2550 1216 2613 1n-aPrm,

119 2617 159 2659 ut
176 2627 236 2675 φα.
270 2615 320 2671 bia.
335 2631 404 2690 parre
418 2617 464 2676 ait,
483 2632 543 2680 qaae.
577 2616 848 2677 Ait,retticet1’taro.
866 2615 1091 2679 &opponam
1112 2614 1214 2664 Woraer.

117 2674 429 2739 Arolgarisrirartruale
446 2680 527 2730 abest.
546 2681 653 2731 Eimmt.
687 2680 741 2736 Au,
759 2695 811 2742 aaa
827 2686 879 2729 aet.
911 2680 954 2729 Sic
968 2678 1123 2730 Elmenb.et
1140 2693 1213 2742 seqq.

117 2738 231 2790 Wower.
242 2743 372 2805 ediderat,
384 2746 429 2805 ait,
445 2751 486 2795 aut
504 2761 565 2807 aaa.
600 2744 706 2794 Priores
723 2745 861 2793 carebtait
872 2758 930 2792 cum
948 2744 1013 2793 Mas.
1029 2744 1107 2801 male,
1120 2741 1214 2806 judica

118 2803 238 2854 Elmeulr.
250 2816 276 2856 at
288 2804 312 2855 si
321 2823 362 2856 me
373 2808 455 2870 audis,
466 2809 531 2858 bene
543 2817 569 2858 et
581 2823 614 2857 ex
623 2807 727 2872 Apuleii
740 2809 825 2868 stylo:
862 2808 886 2855 ui
897 2808 938 2857 bic
951 2810 1044 2870 passim
1060 2806 1166 2855 adhibet
1177 2808 1214 2855 in·

116 2865 258 2931 tiuitirum,
274 2870 369 2934 ubique
388 2872 585 2935 subintelligens
600 2874 698 2921 ‘sentit
709 2872 786 2921 Plato
797 2875 814 2921 :’
837 2885 874 2920 arc
886 2886 963 2934 supra
974 2884 1000 2935 p.
1016 2874 1073 2919 676.
1090 2870 1163 2918 ‘brec
1173 2885 1215 2919 re·

116 2930 196 2981 dacta
207 2949 264 2983 erae
273 2934 290 2985 ι’
308 2944 336 2985 ut
347 2944 374 2985 et
386 2935 411 2984 in
423 2950 494 3002 seqq.
512 2936 581 2985 Vide
594 2951 619 2999 p.
631 2941 687 2985 ono.
699 2937 725 2985 in
737 2935 756 2986 f.
769 2940 816 2984 &a
829 2950 854 2998 p.
865 2939 922 2984 681.
933 2936 995 2984 item
1007 2948 1034 2997 p.
1044 2937 1101 2982 686.
1118 2937 1175 2981 687.
1187 2939 1214 2981 et

115 2995 142 3043 in
159 2995 179 3045 f.
199 2998 263 3046 item
282 2999 315 3048 de
333 3000 402 3049 Pbil.
420 3001 487 3052 Mor.
527 3004 607 3051 .dbs.
619 3000 662 3049 abi
675 3000 738 3049 Mas.
752 3005 841 3048 contra
853 3000 1071 3048 conmutationem
1083 2996 1213 3046 daniaent

115 3073 165 3120 pto
181 3076 248 3111 aare:
273 3071 303 3113 ut
321 3071 349 3113 et
365 3079 392 3128 p.
410 3068 468 3114 628.
490 3015 533 3115 ogi
545 3065 635 3114 allinit
647 3064 781 3113 addidere.
816 3062 926 3111 Videtur
937 3077 1000 3125 argo
1013 3063 1097 3124 potina
1110 3061 1214 3124 supple·

114 3134 233 3175 mentam
245 3127 355 3191 alicujus
367 3129 481 3193 tectoria,
491 3129 532 3177 rol
545 3138 632 3177 natum
644 3142 701 3178 erae
712 3142 727 3177 e
742 3131 779 3189 τῷ
788 3132 838 3177 ant.
856 3125 973 3176 ond-l
992 3128 1066 3174 Voss.
1079 3125 1151 3174 Harl.
1161 3126 1215 3174 Be·

114 3189 250 3239 ardebit
267 3192 358 3241 ld.-2
375 3193 455 3242 Sicde
467 3194 559 3256 primia
575 3193 645 3255 Lege
665 3207 698 3241 ex
717 3195 808 3242 eodem
826 3190 884 3240 libr.
902 3193 943 3239 aed
961 3193 1044 3253 depr.
1062 3189 1213 3238 Woweriua.

113 3252 279 3305 Flor.aedde
288 3271 326 3319 pr.
345 3255 556 3307 Elmeulroratina.
589 3256 658 3306 Item
674 3257 749 3305 Voar.
768 3264 795 3306 et
813 3256 888 3304 Harl.
922 3254 954 3303 lu
974 3253 1079 3318 reliquis
1099 3260 1127 3302 et
1146 3251 1214 3303 iidd.

114 3327 178 3366 ante
190 3320 305 3369 Wower.
319 3321 362 3369 rie.
379 3320 498 3370 oud-s
515 3320 614 3369 Bened,
625 3322 700 3369 Vota.
720 3323 785 3369 mala
803 3320 867 3381 igue.
883 3317 972 3368 1d.-4
999 3318 1087 3374 Forte,
1106 3323 1130 3365 et
1145 3317 1212 3364 iilia:

113 3384 155 3430 vel
169 3382 380 3447 permansistis.
397 3384 509 3435 corvina.
541 3384 653 3433 Fluuex
666 3384 717 3433 iila.
736 3381 945 3433 Elmenborrtiua.
979 3381 1051 3430 colu.
1069 3394 1126 3428 cum
1145 3381 1212 3428 Scal.

111 3444 182 3496 Elm.
191 3448 279 3497 Seria.
291 3463 323 3497 ex
332 3448 397 3496 illia:
421 3448 488 3513 quod
509 3449 574 3499 bene
591 3448 722 3497 damnavit
736 3448 860 3508 Floridus,
875 3446 1093 3495 consentientibus
1106 3444 1214 3493 Mauo.

110 3509 139 3557 ia
148 3512 204 3560 mie
215 3517 240 3561 et
251 3512 302 3561 iiia.
320 3512 438 3562 ond-t
457 3514 532 3562 Vota.
544 3518 645 3575 totaque.
661 3511 761 3561 Bened.
785 3517 878 3574 totoque
886 3510 966 3572 ignia:
982 3511 1008 3557 in
1020 3523 1070 3573 quo
1080 3522 1138 3557 mox
1144 3508 1214 3567 sacta

110 3576 276 3636 prosarium.
293 3574 386 3626 lat-o
403 3576 474 3626 Nitii
489 3578 580 3641 quidem
589 3578 640 3640 eiua
649 3580 712 3626 extr.
727 3577 793 3626 Mar.
802 3576 851 3624 aim
866 3575 959 3638 quidem
974 3574 1025 3633 eiua
1034 3578 1058 3622 et
1068 3578 1131 3622 extr.
1144 3571 1213 3636 quod

617 3702 725 3755 NOTAE

108 3807 185 3857 buit:
205 3814 238 3855 et
257 3818 338 3868 supra
358 3803 495 3853 ‘mobilem
508 3800 647 3866 pyramidis
688 3799 770 3865 iisque
783 3800 870 3861 rectia,
882 3805 1040 3849 constantes.

106 3883 225 3932 formam
238 3882 299 3945 Igui
310 3881 404 3931 dedit!
719 3883 732 3908 x
751 3876 830 3926 Terra
848 3880 923 3925 comt.
941 3872 1120 3937 [nouarum]
1141 3872 1212 3936 Lege

139 3967 157 3990 ¹
176 3960 337 4009 renam
348 3957 447 4021 figura]
463 3958 595 4006 Terrarum
606 3956 648 4007 bic
687 3967 721 4002 ea
733 3952 824 4003 Calvio
838 3960 867 4001 et
882 3950 934 4000 Ma.
950 3952 1056 4000 Tbuano
1069 3951 1214 4000 Terracon-

106 4043 188 4085 uocat
212 4033 323 4096 cubum,
343 4032 451 4096 figuram
472 4047 565 4098 nempe
588 4034 648 4083 aoli·
687 4033 811 4081 stantiam.

105 4110 179 4169 darn,
213 4123 267 4157 aex
301 4107 433 4172 quadratis
461 4108 646 4174 superficiebus
719 4109 834 4157 ’Etilia
856 4108 899 4170 [ea
908 4106 969 4169 illia]
985 4106 1036 4154 Me.
1050 4104 1098 4153 Th.
1115 4110 1138 4153 et
1154 4105 1214 4153 itia:

107 4184 556 4250 cmprebemm,octolrabentem
566 4198 646 4249 augu-
686 4183 786 4233 melina.

103 4264 144 4311 lca
152 4261 272 4321 solidor,
281 4274 315 4309 ex
323 4258 406 4309 tribua
417 4274 544 4326 quemque
552 4261 646 4325 plania,
721 4267 731 4291 ²
748 4260 780 4308 Et
795 4274 841 4309 aon
856 4260 930 4308 mlum
946 4258 1032 4306 redum
1045 4258 1213 4319 toraminas]
