2950 4892
223 333 314 399 1574
699 305 866 395 nscrorii
890 310 897 316 ⁵

225 497 356 571 tempore
383 488 511 569 egregiis
539 487 621 548 libris
650 486 775 547 edendis
803 485 952 546 officinam
974 502 1059 544 suam
1080 483 1191 545 claram
1211 492 1243 544 et
1260 501 1321 544 con-

226 585 359 666 spicuam
387 582 588 654 reddiderint,¹
608 601 688 642 nunc
711 599 831 661 quoque
855 579 955 640 literas
978 578 1103 659 jurandi
1126 578 1226 639 studio
1251 578 1323 639 nullo

227 679 318 741 modo
339 678 447 739 deesse
469 676 638 737 voluerunt.
680 675 788 736 Causae
812 684 910 735 autem
929 692 983 735 cur
1001 684 1062 735 tam
1084 676 1176 754 longo
1193 677 1323 755 temporis

227 774 387 836 intervallo
408 792 496 834 uerno
516 771 736 834 absolutionem
755 771 919 850 susceperit
940 770 1048 851 operis,
1063 789 1081 830 a
1095 770 1323 832 Ruhnkenioin.

228 869 339 944 choati,
360 877 390 929 st
416 868 553 929 omnibus
577 870 672 948 ecquis
696 867 852 947 doctisque
871 864 1024 946 judicibus
1044 867 1170 947 probati,
1184 876 1218 926 ut
1231 867 1324 927 multe

227 985 294 1027 esse
307 970 478 1045 potuerunt,
495 964 538 1024 ita
559 964 625 1024 haec
646 973 725 1024 certe
746 981 806 1023 non
821 962 887 1032 snit,
901 961 982 1042 quod
1002 961 1054 1021 illa
1069 961 1324 1041 Oudendorpiana

228 1061 371 1122 doctrinm
395 1071 601 1130 monumento,
621 1058 652 1117 iu
674 1057 861 1118 Bibliotheca
881 1055 1030 1127 Leidensi
1049 1068 1192 1135 tanquam
1213 1057 1245 1116 in
1268 1058 1328 1118 reli·

226 1158 311 1237 gioso
328 1155 457 1236 quodam
479 1165 510 1214 et
532 1156 688 1215 inaccesso
708 1153 779 1214 lano
804 1172 823 1213 a
845 1151 965 1232 publica
977 1152 1104 1214 utilitate
1117 1152 1325 1213 cohiberentur.

226 1252 284 1312 Vix
297 1252 375 1313 enim
389 1249 572 1331 Amplissimi
596 1249 767 1311 Academiae
783 1249 943 1309 Curatores
958 1248 1115 1309 consilium
1128 1258 1325 1328 cognoverant

227 1347 265 1408 de
290 1344 475 1407 absolvenda
494 1345 612 1425 Apuleii
636 1344 777 1417 editione,
797 1361 865 1404 cum
889 1362 948 1404 non
971 1343 1061 1404 modo
1085 1344 1198 1422 petenti
1216 1344 1326 1404 veniam

229 1442 336 1503 darem
355 1460 473 1502 omnem
488 1440 696 1520 Oudendorpii
719 1430 892 1520 apparatum
912 1439 951 1498 ad
973 1458 1159 1500 communem
1181 1439 1325 1501 literarum

227 1538 355 1598 fructum
370 1536 556 1610 conferendi,
578 1537 631 1597 sed
646 1537 747 1610 etiam,
766 1535 907 1616 quicquid
920 1536 951 1595 in
965 1534 1150 1596 Bibliotheca
1160 1536 1199 1596 ad
1213 1536 1327 1615 Apuleii

228 1632 389 1694 editionem
404 1634 574 1714 augendam
589 1644 641 1694 aut
654 1632 819 1693 ornandam
834 1644 993 1712 spectaret,
1011 1632 1110 1692 lutuno
1123 1629 1229 1692 editori
1242 1633 1326 1693 libere

227 1738 329 1808 patere
345 1728 495 1809 juberent.
537 1729 630 1810 Cujus
644 1728 900 1809 Amplissimorum
922 1729 1048 1796 virorum
1073 1727 1112 1787 de
1135 1727 1228 1788 literis
1252 1729 1326 1789 bene

226 1824 359 1886 merendi
381 1825 483 1898 studii,
502 1837 533 1886 et
552 1826 629 1906 grati
651 1826 745 1886 nostri
768 1824 867 1897 animi,
888 1824 1036 1905 publicum
1056 1823 1113 1884 hoc
1129 1823 1328 1886 testimonium

227 1931 328 1982 extare
346 1921 504 1982 voluimus.

268 2017 345 2077 Novi
367 2018 488 2079 editoris
510 2017 639 2078 officium
660 2026 787 2098 quatuor
804 2017 864 2078 lere
878 2016 1084 2077 continebatur
1098 2017 1240 2096 partibus,
1254 2037 1327 2097 qua·

228 2131 292 2172 rum
308 2133 368 2174 una
381 2116 555 2174 versabatur
569 2113 599 2173 in
615 2112 778 2193 digerenda
791 2114 924 2185 materia,
939 2114 977 2173 ab
991 2111 1202 2193 Oudendorpio
1216 2114 1327 2188 relicta,

228 2209 353 2289 adjectis
367 2211 496 2290 priorum
510 2211 700 2289 interpretum
716 2209 1038 2277 animaduersionibus;
1056 2207 1159 2282 altera,
1172 2209 1243 2270 huic
1256 2229 1329 2270 con·

224 2305 339 2385 juncta,
364 2306 395 2364 iu
416 2304 627 2366 constituendo
654 2314 756 2373 textur
779 2307 876 2377 tertia,
904 2304 1068 2385 eademque
1091 2304 1274 2378 difficillima,
1297 2307 1328 2364 in

228 2400 404 2481 castiganda
418 2401 599 2462 nobilissima
617 2401 668 2462 illa
682 2402 840 2483 Apologia,
859 2422 926 2481 quae
941 2403 978 2461 ab
991 2400 1204 2480 Oudendorpio
1217 2402 1331 2461 intacta

228 2506 292 2556 erat
314 2497 426 2570 relicta,
449 2517 547 2579 neque
567 2509 666 2559 tamen
686 2499 717 2558 in
737 2498 795 2560 bac
810 2499 948 2560 Editione
963 2497 1123 2558 desiderari
1138 2497 1277 2569 debebat,
1292 2517 1330 2557 ue

229 2591 302 2671 quid
315 2593 489 2673 Apuleianis
514 2596 631 2677 scriptis
656 2595 761 2658 deesse
776 2596 861 2675 justa
885 2592 1026 2674 querendi
1045 2612 1138 2653 causa
1157 2602 1256 2660 esset;
1278 2592 1332 2654 de·

228 2688 319 2766 nique
333 2690 455 2751 aliorum
477 2691 689 2764 commentarii,
714 2692 765 2772 qui
790 2690 943 2752 commode
966 2690 1117 2750 contextui
1142 2690 1247 2769 subjici
1268 2706 1331 2748 uon

227 2795 377 2862 poterant,
402 2784 511 2846 edendi
536 2797 630 2858 eraut,
651 2787 810 2847 necessarii
833 2786 950 2846 Indices
969 2786 1154 2858 conficiendi,
1170 2783 1332 2865 etreliqua

230 2877 378 2953 addenda,
400 2901 468 2960 quta
484 2882 513 2942 in
540 2881 677 2942 absoluta
699 2883 804 2942 ueteris
830 2882 960 2942 auctoris
975 2881 1104 2943 editione
1118 2882 1225 2961 requiri
1239 2901 1332 2962 posse

228 2973 412 3035 ridebantur.
456 2978 503 3037 De
517 2978 643 3058 singulis
655 2979 782 3039 breviter
796 2977 965 3039 dicendum.

271 3070 307 3128 ln
322 3070 492 3150 digerendis
504 3071 708 3156 Oudendorpii
723 3073 1038 3145 animadversionibus,
1051 3074 1100 3134 ubi
1115 3074 1213 3134 nimias
1227 3094 1334 3137 earum

230 3163 388 3244 prolixitati
403 3167 517 3227 detrahi
532 3167 642 3247 aliquid
666 3169 729 3228 sine
752 3168 930 3230 detrimento
949 3180 1075 3249 poterat,
1095 3169 1125 3229 id
1146 3171 1258 3232 lactum
1273 3184 1335 3245 est,

230 3263 364 3340 quamvis
378 3282 443 3322 raro
458 3265 519 3324 fleri
533 3266 647 3345 potuit:
668 3265 833 3326 cavendum
847 3266 927 3325 enim
940 3276 1014 3338 erat,
1029 3284 1067 3325 ue
1085 3265 1158 3346 quid
1179 3268 1336 3328 omittere·

230 3366 288 3429 tur,
301 3358 382 3438 quod
396 3360 495 3439 aliquo
507 3363 596 3421 modo
608 3381 676 3423 cum
690 3363 840 3442 scriptoris
853 3361 931 3436 loco,
946 3361 993 3422 uel
1009 3360 1215 3441 Oudendorpii
1229 3366 1336 3424 consi·

230 3453 281 3525 lio,
295 3468 380 3526 ¹esset
403 3457 604 3535 conjunctum.
646 3457 753 3518 Primoe
777 3457 1049 3518 animadversiones
1070 3459 1245 3520 concinnius
1270 3462 1337 3522 sor·

231 3558 312 3608 tasse
325 3552 460 3631 componi
474 3565 620 3633 poterant,
636 3553 690 3613 sed
710 3554 794 3615 initio
808 3553 915 3634 operis,
930 3563 965 3614 ut
977 3553 1021 3626 fit,
1034 3553 1129 3613 minor
1142 3555 1184 3614 rei
1196 3575 1289 3628 usus,
1303 3567 1338 3617 et

232 3642 321 3703 nimia
343 3648 529 3720 verecundia,
551 3648 699 3728 longiores
719 3668 772 3709 eas
797 3650 988 3728 reliquerunt,
1010 3668 1100 3729 quam
1116 3669 1240 3712 necesse
1254 3665 1338 3713 erat.

231 3737 311 3798 Illud
332 3758 400 3800 vero
424 3742 453 3801 in
475 3742 576 3824 primis
597 3754 717 3804 cautum
738 3757 796 3817 ast,
817 3763 855 3805 ne
879 3744 977 3806 aliena
997 3764 1051 3826 pro
1066 3746 1338 3830 Oudendorpianis

232 3833 391 3904 darentur3
411 3838 514 3916 quain
528 3858 560 3898 re
573 3858 650 3900 nouo
663 3839 777 3900 Editori
797 3839 949 3919 aliquanto
968 3841 1134 3920 religiosius
1147 3841 1338 3907 versandum

231 3941 304 4001 eret,
318 3950 407 4009 quam
421 3932 619 3994 celeberrimo
633 3934 822 4008 Ruhnkenio,
836 3936 887 4015 qui
907 3955 966 3997 non
987 3956 1139 4017 nunquam
1153 3940 1192 4002 de
1206 3960 1265 4001 sno
1279 3962 1338 4024 pe·

230 4031 286 4095 nu,
303 4029 436 4106 quamvis
458 4030 646 4108 paucissima,
666 4030 784 4110 adjecit,
798 4031 845 4091 vel
861 4030 1066 4113 Oudendorpii
1079 4035 1157 4095 notis
1170 4056 1261 4100 suum
1281 4041 1341 4120 ju·

234 4116 342 4179 dicium
353 4124 474 4184 verbulo
487 4125 672 4206 interposuit.
714 4127 805 4197 Quod
824 4138 980 4209 propterea
1001 4139 1031 4191 to
1051 4149 1112 4192 nou
1124 4133 1265 4214 ignorare
1282 4157 1343 4200 uo-
