2950 4892
259 368 347 435 1184
579 382 693 434 arun.
718 382 767 434 nn
793 382 906 433 oocn.
932 382 1041 432 rear.

260 529 337 597 Neo
358 528 482 594 frustra
506 530 751 595 constituerunt
772 528 954 607 dialectici,
981 546 1057 592 eum
1082 546 1198 593 verum
1222 525 1339 591 modun

259 650 346 708 esse,
375 630 473 715 cnjus
502 630 678 695 adversum
706 631 868 697 illationis
896 650 972 695 cnm
997 624 1131 695 alterat
1161 630 1342 712 acceptione

260 734 351 798 tollit
365 734 539 816 reliquam.
582 731 631 799 At
653 734 762 799 Stoici
786 733 924 817 quidem
949 739 1079 797 tantum
1102 733 1258 814 negativa
1281 750 1344 814 per·

260 835 365 901 ticola
380 836 565 918 praeposita
578 841 696 920 putant
721 836 906 901 illationem
922 830 1080 911 recusari,
1094 826 1146 899 rel
1168 850 1211 898 ex
1234 848 1344 916 propo·

261 939 441 1003 sitionibns
455 938 703 1003 alteram-tollit
726 944 855 1021 utpote,
871 942 882 973 ‘
898 937 1030 1014 Omnia,
1053 956 1118 1000 non
1133 938 1262 999 omnis:
1284 935 1345 1018 qui·

261 1041 349 1118 dam,
363 1058 430 1104 non
451 1039 612 1123 quidam!
653 1040 756 1105 Fiunt
777 1040 877 1122 igitur
901 1040 1065 1104 adversus
1088 1054 1346 1121 unamquamque

261 1141 510 1206 conclusionem
524 1142 713 1220 contrariae,
733 1161 809 1225 quae
836 1145 1064 1223 opponantur,
1087 1150 1179 1214 octo,
1199 1139 1345 1221 qnoniam

261 1246 403 1328 utreque
418 1245 572 1328 acceptio
587 1244 743 1308 bifariam
765 1244 912 1308 tollitur:
945 1242 1098 1325 fiuntque
1118 1240 1345 1306 conclusiones

260 1345 316 1409 bis
331 1351 513 1429 quaternae,
524 1345 626 1409 modo
642 1347 800 1427 negativa
822 1345 990 1428 particulo
1003 1343 1192 1427 praeposita
1206 1340 1350 1416 illationi,

262 1446 360 1511 modo
390 1446 551 1511 alterutra
576 1444 739 1511 illationis
768 1452 919 1530 accepta.
966 1444 1129 1528 Exemplo
1156 1443 1202 1507 sit
1231 1442 1352 1525 primns

261 1549 583 1614 indemonstrabilis:
605 1548 737 1643 ‘Omne
756 1549 899 1633 justum,
915 1549 1114 1612 honestum:
1131 1564 1226 1610 omne
1240 1544 1353 1608 hones·

152 1700 162 1721 a
262 1656 344 1727 tum,
355 1651 499 1716 bonnm:
521 1670 618 1716 omne
633 1652 734 1735 igitur
744 1652 884 1736 justum,
892 1650 1038 1715 bonum?
1081 1646 1174 1732 [657]
1190 1644 1258 1725 Qui
1270 1646 1354 1709 hanc

262 1751 446 1816 illationem
475 1753 646 1817 concessis
681 1753 971 1839 propositionibus
1000 1760 1110 1834 negat,
1139 1768 1279 1815 necesse
1304 1757 1357 1811 est

264 1853 392 1931 dicat,“
404 1851 586 1932 Quondam
597 1854 729 1938 justum
743 1874 808 1919 non
824 1862 876 1919 est
893 1853 1040 1918 bonum?
1085 1852 1179 1917 Huic
1191 1852 1223 1914 si
1235 1868 1358 1932 propo·

264 1976 328 2021 nas
342 1955 487 2039 priorem
503 1975 546 2020 cx
561 1955 694 2021 duabus
712 1957 914 2032 concessis}
938 1954 1067 2018 ‘Omna
1088 1953 1227 2037 justum,
1241 1953 1360 2014 hones·

265 2067 335 2123 tum
349 2058 369 2138 ;’
382 2058 422 2121 fit
435 2058 542 2121 illatio
559 2058 741 2123 secundum
753 2067 889 2122 sextum
905 2056 1038 2121 modum
1050 2056 1084 2119 in
1099 2055 1199 2120 tertia
1208 2051 1362 2129 formula,

266 2157 467 2238 ‘Quodnam
483 2158 583 2240 igitur
597 2156 791 2237 honestum,
807 2179 874 2223 non
889 2168 943 2222 est
955 2160 1078 2223 bonum
1089 2156 1108 2222 :’
1130 2156 1221 2239 quod
1239 2174 1363 2237 repug-

263 2266 319 2325 nat
334 2257 491 2324 secundae
508 2260 743 2341 propositioni,
752 2280 830 2343 quae
845 2268 1071 2337 concesserat,
1095 2258 1224 2321 ‘Omne
1239 2258 1366 2320 hones-

266 2371 348 2439 tum,
362 2359 507 2425 bonum!
542 2359 632 2426 Haeo
643 2361 721 2427 item
732 2365 864 2428 omnino
876 2362 1034 2446 opposita
1048 2360 1218 2425 conclusio
1228 2358 1241 2396 ⁸
1253 2366 1314 2435 ast,
1332 2362 1367 2423 si

261 2463 382 2529 iisdem
394 2461 615 2540 manantibus,
632 2464 898 2547 aequipollentem
913 2464 984 2549 ejus
1003 2463 1170 2529 inlarast¹
1191 2469 1237 2538 nt,
1259 2456 1368 2524 ‘Non

265 2687 307 2735 per
317 2672 468 2735 inpossibile.
502 2673 536 2722 Et
547 2673 631 2721 suerio
642 2672 770 2722 Dialectici
781 2676 912 2722 merua
922 2687 973 2721 nrm
984 2686 1066 2721 cnam
1083 2685 1132 2721 esse
1149 2671 1256 2729 Modern,
1273 2669 1300 2716 in
1318 2683 1370 2730 qno

265 2736 409 2785 contradam
422 2737 582 2785 Conclusionis
591 2752 643 2787 cum
651 2752 697 2786 una
708 2753 738 2786 ex
751 2737 886 2785 Promissis
896 2736 982 2795 refellit
994 2738 1100 2784 alterans.
1133 2735 1219 2783 Veram
1231 2734 1307 2782 Stoici
1321 2748 1372 2781 ex·

266 2800 373 2850 intlnsm
384 2801 476 2863 quiden
488 2802 666 2850 (inscissionem
677 2801 772 2863 negari,
786 2806 827 2850 ast
838 2804 936 2849 weram
947 2814 977 2848 es
988 2799 1126 2849 Promissis
1136 2799 1213 2858 r<seili
1221 2798 1374 2845 solummodo

262 2879 315 2977 'P
315 2866 692 2992 ,1.‚.ttii:.¹“,t⁸ttnt
707 2865 849 2991 tutu
866 2878 925 2992 :22
932 2863 1376 2991 winimundus·

266 2998 363 3052 snenta,·
379 2994 435 3058 qnia
448 2995 550 3057 sirm
570 2995 704 3043 Promisso
719 2964 935 3055 negamnrr’isoiss
945 2993 1030 3054 modu,
1041 2997 1066 3041 et
1074 2992 1207 3058 erffleisntsr
1217 2992 1252 3039 iis
1263 2997 1377 3053 quotuor

265 3064 416 3120 argmenta,
426 3074 489 3107 none
499 3059 601 3123 proflse
612 3058 762 3107 Coneissioni
770 3058 888 3120 perenna
899 3057 1020 3120 negativo,
1035 3072 1096 3105 nunc
1111 3060 1214 3106 munta
1230 3056 1377 3104 contradis·

266 3121 330 3170 toria
345 3123 419 3184 ipsitu
432 3123 600 3173 Conclusionis.
636 3123 754 3171 Ponamss
763 3137 806 3186 pro
817 3123 921 3185 exemplo
930 3122 1032 3185 primm
1044 3122 1144 3169 Modern
1164 3120 1377 3170 lndesuonstmbi·

267 3187 328 3234 iens:
346 3185 431 3235 Omne
442 3186 542 3250 justum
557 3197 596 3235 est
607 3188 762 3235 honesturn:
780 3201 855 3235 orans
870 3187 1004 3235 honesturn
1018 3193 1060 3234 est
1078 3186 1187 3233 bonum:
1205 3198 1270 3247 ergo
1287 3199 1378 3237 onine

263 3249 364 3312 justum
379 3261 419 3299 est
436 3252 539 3301 bonnm.
575 3251 624 3307 Qoi
640 3256 711 3312 negot
723 3251 784 3299 ione
796 3251 981 3311 Canetonum,
992 3251 1103 3299 concessis
1115 3247 1261 3309 Promissis,
1272 3254 1378 3312 opertet

266 3319 295 3363 st
304 3314 379 3372 dicat,
392 3315 493 3379 aliquod
501 3316 601 3379 justum
612 3330 662 3364 non
672 3323 713 3365 est
725 3315 828 3365 bonnm.
848 3314 878 3364 Si
888 3328 1010 3379 proponas
1020 3314 1183 3377 isieprinant
1192 3314 1292 3361 ἀνω
1307 3314 1381 3361 Pno-

263 3379 406 3442 posiiionarn
421 3394 597 3429 concessorum:
612 3379 698 3429 Omne
705 3379 805 3443 justum
814 3388 855 3429 est
863 3379 1047 3441 honesturn,fit
1058 3376 1262 3437 Conclusiojusta
1271 3382 1383 3427 osen

269 3442 367 3492 Modum
379 3445 458 3492 tertio
471 3444 584 3506 Figura:
601 3445 672 3506 Ergo
684 3444 789 3509 aliquod
800 3445 936 3493 honestum
947 3457 997 3492 nnn
1010 3452 1051 3491 est
1063 3442 1156 3491 bonum
1167 3459 1173 3491 ε
1185 3445 1245 3505 quod
1257 3446 1386 3491 admn-

266 3511 308 3555 tur
317 3510 423 3557 secundo
433 3508 602 3569 Propositioni,
609 3524 655 3572 qua
665 3522 799 3558 concessant
809 3514 861 3558 erat
870 3508 956 3558 Omne
965 3508 1100 3557 honesturn
1113 3521 1170 3556 esse
1182 3509 1284 3555 bonrsm.
1309 3506 1384 3554 Hoec

266 3572 363 3636 insuper
379 3574 502 3623 Conclusio
517 3579 553 3624 est
573 3574 666 3623 ornnino
676 3574 839 3635 contrariasi
854 3573 939 3635 positis
948 3572 1040 3635 iudeis,
1053 3587 1105 3636 qao
1114 3574 1190 3635 prm,
1202 3573 1384 3620 concludamus

723 3734 903 3757 conuentu

267 3848 352 3912 Vulgo
369 3852 534 3897 antecesserat.
568 3848 642 3899 Laid.
658 3854 839 3901 antecesserant.
857 3849 947 3899 rra-e
965 3850 1057 3899 Peras.
1076 3866 1129 3899 cess
1147 3853 1280 3901 admiror
1299 3866 1391 3914 opp·-

266 3920 339 3963 natsr
347 3920 549 3976 proopponantnr
559 3919 619 3963 etat
628 3919 686 3976 pota
695 3928 743 3976 pso
753 3919 841 3978 utpote
850 3914 908 3962 dein
921 3924 979 3978 post
988 3915 1084 3977 qnidam
1093 3931 1140 3965 non
1148 3915 1213 3979 quid.
1231 3916 1303 3966 idem
1316 3916 1393 3967 Mn.

267 3979 343 4041 plura
354 3976 433 4026 habet
444 3976 481 4026 sic
492 3994 498 4025 ε
519 3978 611 4026 Veteres
618 3993 673 4026 aero
682 3983 705 4026 ct
715 3992 759 4041 per
766 3979 913 4027 aitnstrm.
946 3979 1028 4041 Igitur
1036 3979 1158 4042 bifariam,
1172 3986 1200 4029 ut
1214 3983 1396 4043 putaminis

267 4041 509 4104 nonomnisqas'darn.
541 4041 656 4090 Tandem
660 4041 728 4104 flant
736 4055 784 4104 pro
784 4042 863 4106 finnt.
878 4043 967 4092 ld.-t
985 4044 1122 4092 &duatus
1129 4047 1253 4095 concessis.
1270 4044 1397 4097 florid.

267 4106 485 4169 dsaius,scil.pre
530 4104 648 4154 'tionibus
666 4106 716 4154 lies
733 4107 824 4155 ewam
837 4107 914 4156 redit.
948 4108 1001 4157 Pro
1004 4108 1040 4172 fit
1053 4108 1145 4157 Peter.
1150 4110 1214 4175 fiet:
1231 4118 1259 4159 et
1274 4125 1398 4174 proepo·

267 4184 312 4217 nas
323 4184 370 4232 pro
379 4185 447 4233 prop.
463 4169 475 4218 l
498 4175 553 4219 .-s
563 4170 649 4231 Volgo
659 4170 708 4219 ltoec
717 4172 796 4220 omnia
807 4172 862 4221 sine
872 4186 959 4221 sensu.
984 4173 1016 4222 ln
1029 4173 1122 4222 Petne.
1133 4180 1234 4224 mnium
1246 4175 1401 4239 quonian.

268 4233 354 4284 Recte
365 4247 468 4298 quoqne
480 4234 549 4284 Flos.
562 4233 652 4293 inseras
659 4251 669 4294 ,·
685 4241 723 4299 st,
732 4237 773 4287 sel
783 4236 870 4301 potins
879 4251 937 4287 cuns
946 4237 1042 4289 Peter.
1052 4239 1190 4298 iqssronnts.
1212 4241 1299 4305 vireo
1315 4242 1402 4294 viti·
