2950 4892
557 393 761 443 seouoois.
1120 378 1208 444 1405

116 542 246 603 teretem
255 537 292 603 l⁶
313 545 478 624 praeterea
491 557 689 604 cancrorum
703 537 841 614 furcas:
854 520 1066 601 echinorum⁷
1081 538 1205 603 calicu-

117 637 188 717 los,8
197 648 211 675 ¹¹
225 642 575 723 lolliginum⁹ligulasl
586 649 605 677 ¹⁷
614 650 785 725 postremo
795 639 956 716 ussmlus,¹
965 639 1127 719 festucas,
1138 662 1206 706 tes·

115 741 243 820 ticulus,
257 749 292 808 et
304 750 413 808 ostrea
428 744 581 826 Pergami
597 743 813 808 vermiculata
822 743 861 804 ll
876 741 1020 826 denique
1034 763 1203 823 muscum,

114 847 143 904 ei
162 844 281 925 algam,
296 851 331 909 et
351 850 484 909 oetera¹
505 845 606 909 maris
627 844 856 928 ejectumentem
870 862 946 927 quae
972 845 1098 928 ubique
1111 846 1203 912 litto·

112 961 179 1008 rum
192 946 299 1010 ventis
313 947 532 1030 expoliuntur,
548 947 621 1012 solo
640 953 877 1029 exspuantur‚²
908 954 1107 1032 tempestate
1122 950 1207 1013 reoi-

111 1054 303 1127 promotus,
317 1049 498 1131 tranquillo
508 1048 728 1113 deseruntutl
758 1046 877 1132 Neque
888 1050 976 1114 enim
992 1050 1101 1114 minus
1115 1053 1204 1128 istis,

112 1167 184 1228 qum
213 1151 496 1228 commemomvi,³
530 1150 777 1215 accommodari
804 1157 945 1233 possunt
974 1151 1130 1216 similiter
1157 1172 1204 1216 cx

110 1250 272 1316 vocabulo
300 1252 524 1335 suspiciones.
568 1250 678 1316 Posse
715 1251 830 1316 dicitis
869 1253 913 1316 ad
947 1273 1002 1318 res
1029 1251 1201 1319 Venereas

105 1464 208 1527 &nias
218 1467 358 1532 bllgiscml
372 1471 495 1522 messim
502 1471 603 1531 mutas,
616 1469 866 1532 festucamsasieslot,
878 1472 904 1517 st
912 1467 1011 1517 mactas
1018 1472 1147 1517 sstrsom
1163 1482 1206 1514 so·

104 1529 227 1592 desuem
241 1541 357 1598 postremo
367 1552 478 1592 mmmm,
489 1541 513 1586 et
522 1537 612 1596 algam,
626 1538 652 1585 et
661 1540 739 1584 cetera
745 1537 904 1610 purgamento
912 1532 1004 1596 pelugi,
1014 1548 1066 1596 (μω
1076 1530 1206 1607 <limantur

104 1608 120 1639 d
129 1598 205 1645 uestis
216 1598 241 1646 is
251 1616 331 1650 omnes
339 1616 401 1655 oros,
409 1616 461 1664 qnoe
471 1604 615 1664 respuuntur
630 1615 645 1647 α
660 1598 864 1658 πανί,]ωίαιιίισ
875 1601 1021 1659 tenpestate,
1032 1601 1057 1645 st
1069 1598 1205 1659 relinques·

103 1662 177 1710 tris
188 1662 270 1715 littore
279 1665 624 1728 pertrmqsitlilstemtsstisl
655 1661 670 1692 ⁶
695 1661 710 1692 ⁶
737 1661 753 1692 ⁴¹
787 1663 858 1712 Certe
868 1665 895 1710 ts
905 1660 1169 1725 siressimispntism,
1180 1663 1205 1709 et

564 1808 742 1830 ΜΟΝΙΜΟ

102 1907 204 1958 D‘Orv.
216 1907 338 1959 alinum:
354 1916 383 1958 nt
393 1923 465 1972 supe
475 1909 544 1973 apud
556 1908 680 1958 Nostrum
692 1906 879 1957 contrahuntur
890 1906 999 1972 genitivi
1011 1906 1140 1970 plurales:
1158 1906 1205 1956 sed

99 1971 207 2021 hicnon
221 1974 317 2036 placet.
333 1975 362 2023 J.
374 1973 538 2024 Bossctu-tl
553 1973 606 2021 Ma.
626 1971 698 2021 Pith.
716 1973 826 2021 culidem.
845 1971 935 2022 ld-tt
951 1971 1003 2021 Ms-
1016 1971 1085 2021 Pilh.
1096 1970 1163 2032 nug.
1174 1981 1205 2021 ut

98 2036 161 2086 alibi
174 2052 249 2101 saepo
261 2037 392 2087 scribitur.
426 2038 478 2087 Μ».
490 2037 591 2088 D'Orv.
603 2035 706 2097 ligsllus.
724 2040 731 2062 ⁸
743 2037 894 2098 Lolliginum
906 2034 1015 2099 ligulas*
1027 2036 1142 2098 intellige
1154 2036 1206 2085 cis·

98 2113 152 2161 ros,
169 2103 265 2165 quibus
276 2102 440 2184 conspicuum
453 2110 492 2150 est
504 2102 531 2150 ld
543 2101 691 2150 animalium
703 2114 793 2162 genus.
809 2102 897 2151 1d.-l
917 2102 968 2150 Ms.
978 2100 1050 2150 Pith.
1060 2114 1205 2161 mammon
1261 2112 1263 2117 ‘

97 2166 226 2229 ἀμφι
234 2170 279 2216 oet.
311 2167 336 2215 D
346 2165 410 2215 Ora.
421 2167 504 2228 uigore
515 2165 604 2215 deleto
614 2165 652 2226 egl
667 2172 797 2226 postremo
811 2171 844 2214 et.
861 2164 951 2216 td-a
969 2165 1020 2214 Me·
1040 2164 1141 2215 D’Orv.
1151 2165 1204 2214 αἱ·

93 2229 214 2291 ptenser:
226 2238 255 2280 et
265 2231 353 2280 statim
364 2231 512 2290 deferuntur.
528 2230 617 2279 ld.-s
635 2229 706 2279 Male
717 2229 815 2278 Florid.
825 2231 851 2279 ln
863 2245 909 2279 sus
920 2229 970 2279 Ed.
980 2236 1086 2279 secutus
1097 2236 1137 2278 esl
1148 2243 1205 2278 cor·

597 2393 704 2445 NOTAE

93 2491 217 2551 conchae,
227 2507 335 2556 quarum
347 2494 413 2543 mira
424 2493 537 2543 uarietas
548 2508 564 2543 s
577 2492 632 2543 Pli·
674 2491 789 2554 brachia,
809 2497 837 2540 et
860 2489 886 2539 in
908 2487 1067 2540 eontrarium
1089 2494 1180 2537 nantes
1194 2505 1202 2540 ε

93 2571 139 2619 ulo
152 2570 326 2632 describitur,
336 2571 380 2621 lib.
391 2585 430 2623 ux.
441 2588 500 2635 cap.
511 2576 551 2623 tt.
673 2582 717 2617 ore
737 2575 766 2617 et
782 2565 907 2631 pariunt!
939 2564 1062 2628 Intellige
1081 2578 1144 2627 ergo
1162 2564 1204 2613 hic

126 2655 136 2678 ¹
155 2647 257 2697 Testem
268 2647 383 2711 lebetem]
406 2647 449 2699 Sic
467 2648 534 2699 [lob.
549 2648 633 2699 Titium
673 2644 772 2708 linguas
781 2644 924 2707 loliginum,
936 2652 992 2705 aot,
1004 2639 1074 2706 quod
1086 2646 1150 2703 puto
1163 2651 1205 2689 vo·

91 2723 230 2786 reposuit.
264 2723 327 2786 Sed,
346 2724 409 2788 quid
429 2724 479 2775 sibl
495 2725 568 2788 velit,
583 2738 633 2774 nou
673 2722 736 2780 rius,
748 2733 807 2769 ossa
818 2733 906 2768 eorum
917 2716 1035 2782 quedam
1052 2715 1146 2779 liugom
1158 2715 1204 2765 ob·

87 2796 129 2847 ita
151 2796 336 2861 perspicuum.
369 2797 433 2848 Cod-
452 2799 569 2849 Florem.
588 2798 631 2847 lus·
673 2797 815 2858 longanum
832 2794 950 2858 scalpelli
966 2791 1060 2854 forms,
1078 2806 1137 2841 cusu
1152 2791 1204 2840 alia

88 2872 137 2922 bet
148 2872 290 2936 utentem,
302 2888 334 2922 ex
346 2889 397 2939 quo
408 2875 526 2925 Pricoens
537 2873 634 2925 format
673 2885 776 2936 quoque
795 2870 908 2919 habssut
929 2871 1009 2918 instar
1030 2867 1184 2916 calamorum
1194 2883 1203 2927 ς

87 2948 235 2998 emmim:
267 2947 337 3012 quod
370 2963 431 2998 sans
461 2964 511 3013 ego
537 2951 633 2999 malim.
674 2946 830 2995 undellalis
847 2944 943 2994 dicitur
960 2943 1040 3006 loligo
1057 2957 1124 3005 pesce
1141 2943 1204 2990 eslc-

85 3022 237 3087 Eiusmodi
256 3022 398 3073 albicantes
414 3024 569 3074 concliorum
582 3033 633 3075 tes·
672 3022 744 3085 meio,
764 3022 833 3089 quia,
854 3021 936 3069 veluti
960 3020 1038 3069 theca
1056 3019 1204 3083 calamaria,

86 3108 131 3148 tas
144 3099 274 3163 quianon
287 3098 370 3148 vidit?
672 3097 824 3161 scalpellum
832 3095 912 3145 habet
922 3103 949 3145 et
961 3095 1094 3145 calamum.

121 3176 130 3208 ῑ
147 3174 304 3223 Canetonum
315 3174 411 3238 sarem]
436 3175 537 3225 Plinius
548 3174 632 3227 deutl-
703 3181 716 3207 ¹
733 3172 846 3235 smus]
862 3171 987 3231 Schidim,
997 3185 1042 3220 seo
1056 3170 1204 3233 fragments

82 3251 199 3300 colatos
220 3248 335 3311 forcipes
354 3258 439 3313 vocat,
455 3252 502 3301 lib.
520 3265 561 3302 lx.
574 3266 632 3316 esp.
672 3248 787 3314 lapidum
799 3249 887 3313 plana,
903 3253 948 3297 ant
966 3247 1045 3297 etism
1056 3245 1204 3311 fragments

82 3330 129 3375 81.
150 3325 289 3375 ‘Cononis
301 3325 362 3375 bina
370 3326 476 3376 brachia
487 3327 632 3378 dentlcula·
673 3339 786 3374 asserum
805 3331 832 3374 et
848 3323 993 3373 tabularum
1008 3336 1041 3372 ex
1052 3320 1204 3385 naufragiis,

79 3404 119 3454 tis
133 3400 312 3464 forcipibus!
673 3401 759 3466 qualis
786 3401 869 3451 mults
894 3400 920 3448 in
948 3400 1022 3449 littus
1053 3398 1202 3462 ejiciuntur,

116 3488 130 3513 ⁸
150 3479 308 3529 &dismas
316 3478 438 3542 coliculos]
454 3478 632 3535 Hooest,tes·
673 3476 886 3541 quemadmodum
898 3483 926 3527 et
936 3474 1047 3525 festucis
1058 3482 1085 3526 et
1101 3473 1201 3523 iunium

78 3564 126 3607 tas
138 3555 389 3620 echinorumque
407 3555 514 3606 calicem
534 3555 633 3618 optime
672 3551 769 3603 frusta.

77 3634 228 3686 referunt.
480 3674 482 3677 .
705 3637 716 3671 t
736 3630 823 3678 Ostrea
834 3628 952 3690 Pergami
961 3624 1125 3689 semieslots]
1151 3626 1202 3675 Lo·

114 3718 134 3743 '
153 3708 315 3770 lolliginum
324 3708 424 3772 ligulam
448 3708 632 3772 ‘Ligula'ste-
673 3721 732 3756 eum
747 3707 814 3755 huuc
830 3713 980 3770 corruptum
993 3704 1115 3753 Biantios
1127 3705 1203 3752 resti·

75 3802 115 3851 pe
129 3801 187 3851 pso
201 3785 313 3846 lingula,
324 3792 416 3848 estque
427 3783 634 3834 diminutivuma
673 3781 740 3832 luit:
774 3788 904 3831 ostreorum
935 3787 1003 3843 terga
1033 3781 1202 3829 mutata.-

73 3861 221 3927 ‘linguan’
255 3862 445 3926 Nonnunquam
457 3876 550 3912 nomen
565 3869 606 3912 est
617 3877 633 3912 a
672 3856 741 3922 quud
753 3871 864 3921 expone,
872 3857 997 3906 distincta
1006 3857 1142 3905 etvariats
1149 3868 1202 3903 ma·

73 3936 242 4007 ‘ligando'
275 3937 425 3997 formatum,
447 3934 633 4001 significetque
672 3932 736 3982 eolis
757 3932 912 3982 vermiculos
935 3930 1201 3997 sepumseulautibus:

71 4017 248 4081 corrigiam,
275 4020 320 4063 aut
352 4011 422 4062 alind
455 4012 632 4075 ligamentum.
672 4007 1202 4071 vel,molesmetvelntisvermibusper·

71 4095 157 4145 Plio.
178 4090 236 4142 lib.
257 4102 296 4138 ιι.
313 4103 371 4151 cap.
388 4093 429 4137 dl.
440 4087 473 4137 de
486 4086 633 4151 loliginibus
671 4084 766 4147 focata,
777 4094 807 4136 ut
817 4086 943 4149 Pricaeus,
953 4085 996 4151 qui
1015 4090 1101 4135 tamen
1112 4084 1201 4135 mallet

69 4172 139 4221 lsoee
152 4166 265 4219 habet:
288 4164 389 4228 ‘septe
407 4171 435 4213 el
451 4163 568 4227 loliglnss
583 4162 630 4210 lin·
670 4162 791 4225 loeoigctu.

71 4248 139 4311 guis
159 4238 304 4308 [coeunt]
320 4246 506 4303 componentes
522 4238 591 4288 intes
601 4252 630 4287 se
