2950 4892
222 359 309 426 snm
565 323 570 336 ⁸
691 371 853 422 suornm

223 516 351 604 scriptis,
366 514 495 595 cujusris
517 513 653 576 lectionis
673 522 854 576 momentum
876 512 1071 593 ponderatum
1089 511 1133 573 rel
1156 512 1318 573 auctoritas

223 611 386 686 constituta
400 621 457 672 est.

226 751 229 756 -
264 707 377 767 Addita
400 706 557 785 Apologia,
577 705 664 766 nimis
684 717 773 765 auctu
796 714 860 764 erat
882 704 1039 765 voluminis
1058 703 1163 776 moles,
1184 723 1273 784 quam
1287 715 1323 763 nt

224 801 362 863 Beroaldi
375 811 406 862 et
420 801 525 862 Pricoei
539 810 637 873 notas,
651 799 811 880 etreliqua,
825 820 892 879 qum
906 801 937 859 in
957 800 1125 861 Ruhnkenii
1140 801 1320 862 Prcelatione

224 897 370 979 promisse
382 907 476 968 erent,
499 893 750 976 comprehendere
764 906 876 976 posset,
889 898 1063 977 presertim,
1077 916 1145 957 cum
1159 898 1226 977 ipsa
1240 899 1321 976 Apo·

223 993 304 1071 logia
331 1012 437 1053 noram
464 993 738 1053 commentariorum
766 994 964 1054 accessionem
991 995 1165 1074 postularet.
1217 994 1321 1072 ltaque

224 1088 352 1150 Tertium
370 1090 513 1149 Volumen
529 1087 665 1147 additum
679 1099 736 1160 est,
758 1088 842 1167 cujus
857 1086 1021 1148 adornandi
1035 1107 1133 1167 operm
1146 1088 1239 1167 major
1252 1106 1320 1167 pars

225 1205 262 1246 ex
281 1202 317 1243 eo
338 1202 445 1262 genere
461 1192 535 1255 eret,
557 1183 637 1261 quod
651 1183 791 1262 majorem
804 1181 949 1243 molestias
963 1201 1051 1261 quarn
1066 1182 1209 1261 uoluptati
1222 1183 1321 1243 locum

224 1280 379 1361 preberet.
430 1279 476 1338 De
501 1278 565 1357 ipso
590 1278 726 1357 Apuleio,
754 1289 785 1339 et
806 1276 955 1349 subsidiis,
979 1277 1103 1358 qumod
1127 1277 1238 1356 scripta
1259 1278 1322 1357 ejus

223 1374 401 1434 illustranda
424 1383 454 1433 et
476 1373 662 1434 emendanda
685 1372 817 1433 adhibita
840 1382 921 1445 suut,
941 1371 1114 1436 dictumest
1132 1372 1163 1432 in
1182 1373 1323 1452 peculiari

225 1468 444 1547 Disputatione.
485 1468 545 1528 Sed
560 1467 633 1527 illud
647 1467 842 1528 omittendum
856 1468 913 1528 hoc
927 1467 994 1528 loco
1008 1488 1068 1528 non
1081 1479 1156 1530 est-1
1181 1469 1250 1528 Jam
1262 1466 1323 1529 lere

225 1563 264 1624 sd
300 1563 452 1623 dimidium
484 1561 644 1623 editionem
677 1562 755 1622 hano
792 1562 995 1643 produxerant
1029 1559 1322 1643 Chalcograph'orum

225 1677 334 1738 operae,
361 1676 429 1718 cum
454 1658 593 1717 certiores
618 1676 673 1718 nos
697 1658 769 1718 lecit
793 1657 1013 1730 Subneithems,
1036 1659 1089 1719 Vir
1112 1659 1323 1731 Doctissimns,

199 1806 202 1812 .
226 1753 380 1833 Gymnasii
404 1753 589 1833 Groningani
616 1754 736 1824 Rector,
759 1751 868 1831 legisse
892 1774 925 1814 sn
946 1754 975 1812 in
996 1753 1096 1815 libello
1119 1755 1324 1827 Germanico?

226 1849 410 1929 Biittigerum
424 1848 454 1908 in
470 1848 655 1910 Bibliotheca
668 1848 921 1930 Gnelpherbitsna
940 1849 1050 1911 vidisse
1064 1862 1237 1931 apparatum
1251 1850 1322 1910 uoi-

226 1944 313 2005 tionis
328 1944 455 2024 Apuleii,
468 1965 487 2005 a
501 1946 599 2024 lugeo
622 1944 749 2021 (Theod.
764 1944 802 2004 de
815 1945 923 2025 Juges)
947 1945 990 2006 ita
1010 1945 1196 2014 adornatum,
1210 1956 1244 2006 ut
1258 1947 1322 2026 jam

199 2055 206 2072 ⁸
226 2040 304 2120 typis
329 2039 455 2102 describi
479 2051 591 2119 posset,
616 2040 700 2120 cujus
724 2049 884 2119 apparatus
905 2040 935 2098 in
957 2039 1232 2120 Metamorphoseos
1253 2040 1324 2101 Edi·

225 2136 315 2207 tioua,
338 2154 356 2195 a
369 2135 546 2196 Rubnlrenio
561 2148 674 2208 curata,
689 2135 772 2196 nulla
785 2135 861 2195 ratio
871 2135 973 2196 habita
986 2148 1076 2197 esset.
1117 2136 1251 2216 Accepto
1263 2135 1322 2196 hoc

225 2231 341 2303 nuntio,
364 2232 463 2291 statim
490 2231 698 2304 intelleximus,
719 2233 823 2311 quanti
844 2245 945 2293 nostra
966 2234 1121 2293 interesset
1149 2233 1235 2303 scire,
1262 2251 1322 2311 quo

225 2327 320 2404 pretio
334 2335 493 2407 apparatus
507 2326 556 2386 ille
568 2326 724 2387 habendus
739 2340 838 2396 essem
858 2341 889 2389 et
901 2328 1124 2409 circumspicere
1138 2330 1291 2409 coepimus,
1304 2348 1324 2388 s

226 2441 286 2501 quo
311 2423 471 2502 pleniorem
495 2422 582 2502 hujus
608 2425 649 2483 rei
671 2424 804 2484 notitiem
829 2425 978 2504 acquirere
1001 2443 1168 2504 possemus.
1210 2426 1323 2505 ltaque,

226 2520 364 2596 quoniam
381 2519 605 2590 arbitrabamur,
620 2518 883 2598 Guelpherbitanm
902 2520 1094 2581 Bibliotheca
1107 2521 1209 2601 copias
1224 2519 1322 2581 adhuc

227 2613 380 2693 Gdttingas
395 2617 550 2688 asservari,
563 2634 633 2694 qno,
647 2617 810 2677 constituto
824 2636 915 2697 regno
930 2616 1143 2696 Westphnlico‚
1158 2616 1322 2696 deportato

225 2709 353 2782 fuerant,
368 2711 542 2790 Gottingam
563 2710 763 2791 cogitantibus
784 2713 884 2774 statim
905 2732 972 2774 sese
992 2711 1100 2773 obtulit
1118 2713 1257 2774 Heereoii
1270 2701 1323 2774 uo·

227 2824 307 2877 meo,
321 2806 351 2865 in
365 2807 482 2868 literato
495 2808 613 2868 ciuitate
628 2808 900 2881 celebratissimum,
915 2809 999 2889 cujus
1014 2810 1102 2869 etiam
1115 2809 1257 2868 officiosus
1269 2808 1324 2886 lm·

226 2902 376 2964 munitatis
390 2903 469 2963 lama
483 2904 521 2963 ad
536 2922 622 2963 aures
636 2914 754 2966 nostras
767 2917 951 2984 pervenerat.
982 2904 1113 2964 Eventus
1128 2902 1231 2964 docuit
1243 2905 1323 2964 baud

226 3017 332 3058 vanam
347 2999 439 3059 luisse
458 3019 522 3060 eam
539 3000 798 3062 existimationem.
840 3002 908 3060 Non
929 3002 971 3061 ita
985 3000 1035 3060 din
1049 3000 1128 3060 enim
1141 3009 1211 3078 post
1224 2999 1323 3060 datam

227 3112 245 3153 a
259 3095 344 3153 nobis
359 3095 527 3175 epistolem,
541 3096 671 3158 officiose
685 3098 837 3178 rescripsit
850 3099 902 3157 Vir
915 3096 1142 3169 Celeberrimos,
1163 3095 1325 3157 Bibliothe-

225 3207 290 3249 cam
307 3189 589 3270 Guelpherbitannm
601 3192 720 3271 quidem
746 3212 806 3252 nou
829 3192 955 3272 amplius
970 3192 1123 3271 Giittiugte
1143 3191 1255 3272 baberi,
1269 3192 1322 3252 sed

227 3304 259 3345 se
273 3284 428 3365 epistolam
442 3286 596 3366 scripsisse
609 3288 649 3347 ad
664 3289 813 3361 Ieistium,
828 3288 889 3348 Vir.
901 3288 982 3349 Olor.
992 3288 1146 3368 Gymnasii
1158 3286 1325 3368 Guelpher·

226 3380 318 3440 bitani
339 3381 505 3454 Rectorem,
526 3384 577 3462 qui
598 3402 616 3443 a
638 3385 877 3456 Schiinemnnno,
899 3385 989 3445 docto
1010 3384 1211 3457 adolescente,
1234 3383 1324 3445 totius

225 3487 386 3556 apparatus
414 3477 642 3559 descriptionem
669 3480 884 3541 conficiendum
912 3493 1077 3553 curaverat,
1105 3501 1194 3560 quam
1223 3480 1324 3541 leistii

226 3572 359 3651 epistolar
370 3572 514 3634 inclusum
529 3576 614 3635 nobis
628 3576 847 3637 transmittebat
861 3578 1043 3638 Haeremus·
1069 3577 1232 3656 Scripserat
1243 3577 1324 3637 leis·

226 3667 295 3739 tius,
310 3668 420 3747 siquid
435 3690 472 3729 ex
486 3670 575 3749 Jngei
589 3671 891 3733 animadversionibus
912 3684 965 3733 aut
985 3673 1125 3733 subsidiis
1146 3674 1258 3734 criticis
1271 3694 1324 3734 ex·

226 3774 358 3843 cerptom
378 3764 417 3824 nd
437 3785 510 3825 usus
531 3777 648 3826 nostros
662 3768 796 3828 conferre
813 3768 962 3842 vellemus,
978 3788 1010 3829 se
1024 3770 1149 3829 libenter
1167 3767 1247 3829 hanc
1262 3788 1324 3830 rem

225 3869 461 3940 procuraturum
484 3860 530 3920 siu
545 3862 713 3922 universum
726 3874 899 3944 apparatum
913 3863 972 3925 buo
986 3864 1093 3925 deferri
1106 3883 1293 3945 cuperemus,
1306 3884 1326 3924 s

227 3957 346 4017 summis
369 3957 504 4017 Ducntos
529 3956 754 4019 Brunsviceoais
776 3960 999 4039 Magistratibus
1026 3959 1115 4039 hujus
1136 3960 1177 4020 rei
1206 3960 1324 4020 reniam

226 4071 292 4112 esse
313 4051 482 4132 petendam.
525 4054 632 4114 Verum
654 4074 720 4115 cum
741 4075 778 4115 ex
800 4064 939 4116 accurata
953 4054 1171 4115 Schiinemanni
1191 4054 1325 4137 descrip-

302 4243 317 4276 '
333 4245 449 4313 lisylsgc
459 4261 516 4334 rum
527 4249 830 4316 litaremwocbenblsd.
841 4248 953 4336 turum
967 4252 1039 4303 182⁰.
1056 4248 1131 4302 Bsnd
1144 4261 1182 4304 rt.
1193 4251 1236 4301 tt.
