2950 4892
603 374 631 426 r·
657 374 831 424 nossent.
1185 367 1273 435 15⁷⁶

166 505 277 582 lumus,
292 509 407 584 Lector,
422 532 460 573 ne
475 512 608 575 stultitia
630 530 719 595 atque
743 519 918 598 arrogantiae
932 520 1056 595 tribuas,
1077 524 1158 603 quod
1175 545 1270 606 pauca

164 603 228 675 illa,
255 624 363 684 quaen
387 607 473 667 uobis
495 607 544 668 hic
568 608 627 669 illic
652 610 754 672 addita
778 624 860 686 snut,
885 617 1021 694 quamuis
1045 620 1205 695 levissima,
1231 625 1269 685 ab

167 697 441 780 Oudendorpiauis,
464 703 550 782 quasi
574 704 741 779 ambitiose,
759 706 902 770 distincta
923 722 1004 774 suut.
1046 714 1167 777 Poterat
1186 738 1271 799 egre·

166 795 248 873 giam
262 795 336 856 illud
349 797 497 858 literarum
511 798 615 872 decus,
630 800 838 876 Ruhnkeuius,
851 805 983 884 cujusvis
1005 811 1097 889 operi,
1120 831 1175 873 suo
1190 815 1268 894 jure,

166 910 199 951 sa
227 889 426 971 interponere,
449 893 503 954 sed
530 895 615 955 nobis
642 898 887 960 committendum
914 919 974 962 uon
998 914 1072 977 erat,
1093 916 1128 967 ut
1145 906 1270 970 Ouden-

165 985 319 1067 dorpianis
333 999 438 1049 nostra
450 989 677 1069 qualiacumque
692 993 780 1053 tacita
794 994 1036 1060 imminuerentur.

209 1084 243 1141 ln
265 1101 335 1143 vera
355 1083 481 1145 lectione
502 1086 713 1147 constituenda
732 1089 880 1152 eominus
895 1092 993 1154 doctis
1013 1095 1165 1174 judicibus
1180 1101 1267 1160 satis·

165 1179 277 1239 lactum
290 1189 441 1258 putamus,
451 1200 511 1261 quo
524 1181 622 1242 minus
633 1183 718 1244 nobis
732 1185 790 1264 ipsi
804 1186 1013 1250 satisfecimus.
1042 1192 1154 1271 Siquid
1167 1193 1196 1252 iu
1211 1195 1270 1255 hac
1376 1178 1382 1186 ’

165 1292 257 1353 opera
276 1274 441 1354 praestitum
460 1287 517 1347 est,
539 1276 603 1356 ejus
625 1277 723 1337 laudis
747 1279 827 1339 haud
847 1274 956 1359 exigua
970 1303 1037 1365 pars
1052 1285 1176 1349 debetur
1192 1290 1268 1350 Len·

164 1370 264 1449 nepio,
286 1370 358 1431 Viro
379 1371 561 1445 Clarissimo,
583 1372 644 1455 qui,
666 1373 704 1433 de
726 1374 802 1435 locis
823 1375 920 1437 dubiis
942 1382 1120 1442 senteutiam
1134 1397 1266 1474 rogatus,

164 1486 317 1547 nunquam
332 1467 437 1539 defuit,
453 1469 507 1530 sed
521 1470 568 1530 rel
584 1470 689 1550 judicii
703 1471 866 1533 subtilitate
888 1475 934 1534 vel
949 1493 1035 1535 novae
1050 1478 1266 1541 emendationis

163 1564 300 1625 acumine
314 1564 354 1624 de
374 1564 505 1626 editione
518 1577 620 1626 nostra
632 1566 752 1645 egregie
766 1566 881 1627 meruit.

206 1661 328 1732 Verum,
352 1660 392 1720 ad
411 1661 588 1741 Apologiam
610 1681 679 1723 cum
702 1662 774 1724 nibil
795 1664 936 1743 scriptum
955 1666 1124 1745 reliquisset
1142 1668 1266 1731 Ouden-

164 1756 300 1838 dorpius,
315 1766 422 1836 praeter
436 1757 532 1818 varias
546 1757 686 1818 librorum
699 1757 854 1831 lectiones,
863 1760 892 1817 in
907 1761 1089 1840 marginibus
1103 1761 1266 1825 editionum

163 1862 313 1924 enotatas,
334 1852 422 1933 hujus
441 1852 628 1932 expolienda
641 1851 794 1933 prouincia
814 1853 1026 1934 multoplures
1047 1856 1175 1920 habebat
1188 1859 1265 1921 diffi-

163 1948 303 2021 cultates,
318 1959 381 2008 tum
395 1962 514 2029 propter
527 1950 636 2009 uariam
651 1948 867 2020 doctriuam‚in
882 1950 933 2012 illa
945 1953 1076 2014 oratioue
1089 1955 1128 2015 ab
1137 1954 1266 2016 Auctore

162 2056 359 2124 expromam,
371 2056 434 2106 tum
449 2057 567 2126 propter
581 2044 870 2105 animadversionum
883 2048 1161 2111 conscribendarum
1175 2053 1266 2112 ratio·

163 2159 244 2213 nem,
268 2143 306 2202 ab
327 2140 541 2220 Oudendorpio
565 2141 595 2200 in
619 2138 733 2219 reliquo
752 2158 841 2219 opere
862 2140 1034 2215 adhibitam,
1056 2164 1146 2224 quam
1159 2156 1190 2206 et
1209 2159 1264 2207 nos

163 2238 248 2316 sequi
276 2240 441 2317 oportebat.
490 2236 567 2296 Cum
593 2235 672 2295 enim
697 2236 786 2295 ranae
813 2235 952 2297 librorum
976 2237 1120 2300 lectiones
1144 2243 1264 2303 omnino

162 2351 279 2405 omnes,
290 2344 351 2391 tarn
365 2330 631 2410 manuscriptorum
644 2348 733 2408 quam
747 2330 904 2404 editorum,
916 2332 995 2393 notis
1009 2336 1221 2414 comprehendi
1234 2351 1265 2400 et

164 2429 312 2489 recenseri
326 2427 478 2500 deberent,
492 2427 609 2506 farrago
628 2426 680 2485 illa
696 2440 727 2486 et
740 2421 890 2506 indigesta
903 2429 997 2489 moles
1012 2429 1052 2489 ad
1071 2434 1264 2514 perspicuita.

162 2538 234 2596 tem,
248 2535 328 2585 certe
343 2524 381 2584 ad
398 2524 527 2603 aliquam
541 2523 703 2602 legentium
716 2524 908 2601 uoluptatem,
923 2526 1060 2604 componi
1073 2545 1133 2588 non
1147 2540 1264 2608 poterat
1332 2553 1336 2560 ·

162 2621 220 2680 nisi
235 2620 273 2681 ab
287 2639 334 2693 eo,
348 2619 411 2699 qui,
425 2629 531 2699 prreter
544 2618 627 2679 haud
647 2619 798 2699 vulgarem
822 2618 952 2679 criticam
971 2621 1154 2697 facultatem,
1172 2627 1262 2687 suriae

162 2718 306 2778 doctrinae
317 2717 432 2797 copiam
444 2714 547 2777 afferre
558 2727 671 2796 posset.
692 2713 874 2785 Accedebat,
885 2714 967 2794 quod
976 2716 1178 2780 describendis
1190 2740 1263 2783 con·

161 2816 246 2875 tinno
257 2816 387 2895 priorum
397 2814 588 2892 interpretum
601 2812 830 2884 commentariis,
841 2812 982 2891 paulatim
990 2832 1061 2874 usus
1070 2816 1262 2878 contraheba-

161 2921 209 2969 tur
219 2909 429 2970 vocabulorum
441 2919 472 2969 et
478 2908 680 2980 formularum,
688 2928 757 2988 quaa
767 2907 1001 2989 saepehominum
1012 2911 1099 2969 etiam
1107 2909 1261 2973 doctorum

161 3007 461 3085 usufrequeutuutur,
470 3003 523 3064 sed
535 3015 691 3064 aveternm
703 3015 855 3066 auctorum
864 3004 1079 3068 consuetudine
1091 3006 1260 3071 abhorrent.

160 3103 361 3183 Quapropter,
370 3102 475 3161 Lector
484 3100 641 3173 Benerde,
653 3103 677 3161 si
687 3103 717 3161 in
728 3102 807 3163 uotis
821 3102 930 3163 nostris
944 3121 1040 3182 neque
1053 3103 1134 3164 illam
1149 3106 1261 3186 perspi·

158 3202 311 3272 cultatem,
326 3198 469 3259 doctrinm
481 3197 644 3259 ubertatem
658 3211 688 3258 et
701 3209 869 3259 accuratam
885 3198 995 3278 linguae
1010 3201 1163 3261 scientiam
1176 3220 1262 3280 repe·

160 3299 231 3368 rias,
243 3316 333 3377 quam
344 3296 375 3354 in
386 3293 900 3374 Oudendorpiianimadversionibus
915 3292 1155 3375 deprehenderis,
1164 3315 1261 3376 neque

160 3393 258 3454 Latini
275 3393 419 3454 sermonis
441 3412 505 3452 eam
516 3393 723 3471 iutegritatem,
738 3411 806 3471 quae
820 3390 908 3451 hodie
921 3391 952 3450 in
966 3390 1130 3452 criticorum
1146 3395 1261 3475 scriptis

159 3491 327 3569 requiritur,
348 3509 445 3569 neque
462 3491 588 3549 fortasse
607 3506 673 3547 eam
693 3487 880 3558 modestiam,
893 3507 961 3566 quae
984 3506 1043 3547 non
1058 3489 1199 3550 continuo
1221 3490 1260 3550 de

161 3586 288 3646 aliorum
301 3604 400 3646 errore
415 3585 597 3667 pronuntiat,
611 3585 635 3642 ei
656 3584 729 3664 quid
752 3585 899 3657 dixerunt,
920 3584 1000 3663 quod
1013 3586 1099 3644 nobis
1112 3604 1172 3645 non
1186 3589 1261 3647 reri·

159 3684 256 3743 simile
271 3681 415 3753 videatur,
429 3682 481 3742 illa
495 3682 603 3754 omnia,
614 3689 646 3741 et
658 3701 727 3760 qum
742 3692 884 3762 praeterea
898 3682 1092 3761 vituperanda
1103 3685 1260 3757 inveneris,

159 3791 213 3842 aut
227 3779 325 3858 prauis
345 3775 468 3837 aliorum
483 3776 625 3858 exemplis
640 3787 692 3836 aut
704 3776 915 3838 adolescentiae
929 3777 1131 3852 imbecillitati,
1144 3798 1259 3858 quaeso,

159 3876 283 3934 tribuas.
328 3874 415 3934 Hanc
438 3893 527 3934 unam
550 3873 669 3934 laudem
688 3875 774 3934 nobis
787 3875 924 3955 petimus,
939 3874 1020 3953 qnod
1035 3874 1073 3934 ad
1089 3885 1202 3935 tantam
1216 3877 1261 3936 la·

156 3974 239 4033 boris
263 3970 512 4051 perseverantiam
537 3988 591 4030 nos
615 3969 836 4043 obduravimus,
860 3984 973 4050 quanta
998 3972 1197 4050 requirebatur
1220 3975 1260 4036 ad

159 4089 236 4149 opus
252 4066 478 4149 perficiendum,
495 4066 576 4145 quod
593 4077 706 4145 quauta
722 4068 807 4127 nobis
821 4068 986 4127 constiterit
1006 4068 1158 4146 patientia,
1173 4088 1260 4131 nemo

159 4166 248 4227 facile
261 4164 425 4245 cogitando
440 4165 558 4244 assequi
574 4164 699 4243 poterin
721 4164 801 4223 hunc
816 4183 906 4223 unum
919 4163 1006 4243 hujus
1021 4182 1117 4244 opera
1132 4165 1257 4226 fructum

159 4263 247 4322 nobis
269 4262 464 4333 vindicamus,
485 4259 566 4340 quod
582 4260 645 4339 jam
666 4261 696 4319 in
718 4260 854 4321 omuibus
875 4280 943 4340 qum.
964 4271 1123 4340 supersunt
1143 4262 1259 4343 Apuleii
