2950 4892
385 783 664 876 APULEII
715 775 1206 874 MADAURENSIS

773 1030 822 1076 DE

299 1234 772 1354 DOGMATE
830 1230 1300 1352 PLATONIS
1412 1301 1414 1303 -

489 1521 689 1601 LIBER
736 1518 1111 1613 SECUNDUS‚¹

756 1726 840 1774 srva

412 1882 483 1948 DE
519 1882 910 1950 PHILOSOPHIA
948 1883 1192 1953 Mortuus·

255 2308 351 2397 [594]
376 2293 573 2380 Mortuus
604 2313 848 2398 philosophiae³
880 2321 980 2398 caput
1006 2320 1071 2394 est,
1095 2313 1255 2380 Faustina
1279 2314 1355 2395 fili:

289 2475 341 2524 Fili
354 2475 475 2538 Fuastbte,
482 2475 630 2538 proripuere
648 2472 804 2536 Philosophia
824 2473 926 2522 Masalia
944 2478 988 2536 erl,
998 2479 1026 2523 st
1040 2489 1166 2537 cognosere
1182 2475 1266 2538 quibas
1275 2475 1353 2523 ssoriis

713 2597 897 2619 ‘OM‘

256 2681 320 2729 Usul
331 2678 405 2731 luere
416 2682 442 2731 in
452 2682 519 2731 libro
531 2683 564 2731 da
583 2662 747 2745 Philosophia
758 2683 867 2732 Morali:
890 2682 1028 2744 Vossianus,
1040 2683 1200 2744 fflmbsas,
1213 2683 1355 2735 Benedicti·

288 2760 342 2806 nar,
356 2745 466 2796 Vulcatii
483 2747 537 2796 sire
551 2746 685 2809 Moerus,
705 2746 811 2796 Patroni
827 2747 960 2811 Excerprs
979 2746 1173 2810 Lindeubrogii,
1191 2755 1220 2797 et
1239 2747 1356 2798 hisloiasi

290 2808 374 2859 eoru.
392 2810 425 2860 sie
445 2810 539 2875 quibus
558 2810 677 2862 omnibns
699 2809 760 2860 ride
782 2809 814 2859 sd
836 2810 939 2861 initium
958 2811 1031 2861 Libri
1049 2810 1084 2861 (le
1102 2812 1159 2860 Deo
1174 2811 1299 2861 Socratis.
1325 2813 1357 2861 d.

289 2873 551 3001 fifffflnuscupro
563 2936 648 2987 Pulail
664 2937 753 2987 Ursini
769 2936 859 2987 codice
874 2937 941 2987 liber
955 2938 998 3013 hic
1010 2937 1042 2988 ab
1059 2951 1102 2993 eo,
1122 2938 1164 3014 qni
1183 2944 1229 3014 est·
1242 2938 1275 2987 de
1291 2938 1358 3002 dog·

257 3009 327 3051 mate
338 3002 466 3064 Platonis,
482 3016 643 3078 nequaquam
661 3001 722 3052 disti
777 3002 844 3050 itur:
863 3000 941 3065 quod,
959 3003 1008 3051 nusi
1021 2999 1108 3059 fallor,
1122 3017 1179 3066 Jam
1197 3001 1241 3050 alul
1252 3017 1359 3067 quoquc

257 3072 424 3115 notaverunt.
440 3066 571 3129 Scioppius
582 3016 784 3129 Sumbebnffilc
801 3065 866 3113 iiber
881 3066 908 3114 ln
923 3065 1008 3115 Fulvii
1019 3064 1108 3114 Ursini
1127 3067 1303 3129 manuscripto
1313 3082 1360 3117 co·

258 3128 316 3177 elice
325 3143 376 3178 non
388 3129 554 3193 distinguitur
565 3129 598 3178 sb
612 3129 666 3187 illo,
681 3129 724 3194 qui
735 3134 776 3179 est
786 3129 820 3178 de
835 3129 1002 3193 Philosophia
1014 3129 1142 3180 Naturali.
1173 3129 1226 3179 Sed
1238 3131 1264 3179 in
1276 3144 1359 3179 mens·

258 3191 348 3241 branis
359 3193 473 3243 Floreat.
485 3200 514 3243 et
525 3191 694 3243 Leidensibaa
705 3207 799 3243 nouum
813 3194 915 3242 titulum
927 3208 981 3256 prrs
993 3208 1023 3243 se
1033 3191 1095 3254 lert,
1105 3208 1182 3307 Ἕω
1194 3208 1240 3243 nos
1250 3208 1361 3258 expres·

259 3256 348 3306 simas.
364 3257 474 3307 Einesh.
508 3257 551 3306 lta
562 3258 629 3307 bunc
640 3258 744 3307 titolum
756 3271 900 3318 concepere
912 3257 1055 3308 Wowerius
1069 3264 1097 3306 et
1138 3258 1232 3307 lmeuh.
1240 3260 1360 3308 auctori·

259 3319 308 3369 bna
326 3321 482 3371 membranis
493 3321 609 3370 Floreat.
629 3329 656 3372 et
673 3321 795 3371 Iaeideus.
828 3321 916 3370 Antea
933 3320 1145 3383 proscribebatur
1161 3323 1190 3371 de
1207 3322 1362 3387 Philosophia

259 3383 319 3434 liber
330 3384 373 3433 rel
383 3386 412 3434 sle
423 3384 578 3449 Philosophia
588 3383 648 3436 liber
658 3399 719 3435 unas
731 3386 785 3435 sire
801 3385 892 3434 armar.
924 3386 1005 3436 Maia.
1022 3384 1081 3434 aide
1098 3394 1189 3435 notata
1205 3386 1238 3435 ad
1255 3387 1362 3436 initium

258 3449 304 3512 lib.
317 3461 338 3497 s.
347 3448 381 3498 de
393 3450 488 3512 Dogm·
499 3448 569 3498 Plat.
604 3449 661 3500 hlec
677 3449 769 3499 meiius
780 3450 805 3497 ln
817 3449 913 3499 ceteris
924 3450 990 3500 Mar.
1000 3449 1055 3499 sine
1067 3450 1120 3498 ulla
1131 3449 1301 3500 distinctione
1314 3466 1363 3500 an-

260 3512 375 3562 nectitur
385 3512 545 3577 precedenti
557 3512 633 3562 libro.
664 3512 716 3562 Sed
730 3512 811 3562 ibide
825 3512 946 3562 Naturali
962 3513 1138 3575 Philosophia,
1158 3514 1200 3563 bio
1216 3514 1248 3563 sie
1261 3515 1364 3565 bloraii

261 3576 365 3639 agihut
376 3591 390 3626 s
401 3577 490 3640 primia
502 3576 583 3641 liquet
592 3577 688 3626 serbis.
722 3577 856 3626 Preterea
872 3578 939 3626 huuc
952 3577 1046 3627 libram
1059 3578 1175 3627 Faustino
1190 3577 1293 3629 cuidam
1309 3580 1365 3629 dis·

154 3652 157 3658 ¹
260 3640 348 3703 cipulo
366 3640 521 3706 undofiliarrr
531 3653 618 3700 sorar,
627 3639 757 3704 inscribit,
768 3641 837 3691 sicut
847 3640 941 3691 libram
951 3642 985 3691 da
993 3641 1103 3691 Mundo.
1137 3642 1168 3691 In
1179 3644 1277 3693 ceteris
1290 3646 1366 3692 nulia

261 3676 678 3833 gjmtjripwztioblgrh-ll
695 3706 740 3818 {ic
754 3705 914 3819 ιοΙιέωιὲιοοῖἱο
929 3704 1042 3818 Ῑὶῑοωιιιι
1058 3705 1154 3819 edita:
1171 3706 1200 3819 ig
1214 3707 1270 3757 aliia
1281 3709 1368 3783 oanni·

280 3782 310 3817 ns
351 3802 358 3816 .
501 3784 535 3819 aa.
601 3783 665 3819 runs.
718 3783 826 3819 rcrecs
889 3783 943 3818 r.e
974 3784 1001 3817 se
1037 3784 1093 3818 .ex
1150 3804 1157 3820 .
1200 3785 1367 3822 omcuras·

262 3832 379 3883 sentiunt
390 3831 455 3882 Mra.
473 3833 507 3882 0.
521 3839 549 3881 at
560 3831 669 3883 debent.
701 3833 734 3881 Iu
746 3832 851 3897 reliquls
864 3785 1035 3897 Philosophi&
1050 3835 1118 3898 qnod
1138 3832 1199 3884 iude
1215 3833 1305 3885 forsan
1322 3851 1368 3886 or·

756 3962 864 4015 Nom

296 4059 500 4125 *Pataliseyilss
516 4056 674 4112 thfnerit
687 4057 789 4108 Fausti·
830 4059 1032 4125 adolescentem,
1051 4060 1094 4110 eui
1113 4061 1205 4112 librom
1225 4076 1300 4125 auum
1326 4064 1369 4114 in·

263 4149 310 4185 nus
328 4135 382 4199 ilie,
398 4134 486 4186 dicere
502 4135 529 4185 in
547 4140 651 4199 promta
670 4148 721 4185 non
740 4142 791 4186 ert.
831 4134 932 4199 scribit,
948 4150 1075 4201 quemque
1094 4135 1174 4186 tilium
1193 4146 1271 4188 vocat
1289 4138 1369 4189 blau·

263 4209 389 4261 Existimo
409 4207 491 4262 l'nisaa
512 4209 625 4261 uohilern
644 4211 791 4275 qnempiam
831 4212 914 4277 diens,
925 4213 1089 4276 nequeenim
1107 4214 1162 4277 ejus
1178 4227 1270 4265 resera
1281 4213 1368 4266 filiurn
